2362 3028
206 128 1504 111 ⁋de tus planes de pacificación.

277 232 1842 96 ⁋No repares en gastos. Lo que se quiere es

189 320 1983 101 el pronto escarmiento de los malvados y res-

181 416 1092 93 tablecimiento del orden.

476 504 1704 94 ⁋Voi á dar órdenes para que se toleren

138 592 2027 101 las compañías del 4º que guarnecen a Concepcion,

148 681 1946 103 para hacer sesar los teñores que tiene en esta

153 762 1891 118 tropa Cordoves i no le distraiga la tuya

156 850 2100 98 en asuntos extraños de su misione principal

217 931 1991 101 A los indios de Calbucoi i Antiches les he dado

174 1009 2026 116 un golpe en la mañana del 25 del actual

169 1112 2018 96 y aunque no dio el resultado que esperaba, se con-

151 1196 2019 95 sigio matarles algunos, quemarles mas de cin-

164 1286 2021 94 cuentas i quitarles muchisimo ganado. El

156 1372 2059 99 mal que se les ha causado pasa de 20000

148 1463 321 93 pesos.

264 1541 1936 104 ⁋Los tengo pues en jaque y no es fácil

153 1637 1512 78 que xxx  ci las cortinas.

189 1718 2019 96 Entre tanto trabajo hice que se me una

184 1799 2082 101 Catrileo i preparó una nueva expe dicion.

166 1902 1994 76 Deseo estar al corriente de lo que pasa en

156 1978 2122 103 esos porque el Presidente me pide noticias

156 2074 2089 98 con urgencia. Escríbeme con frecuencia, ha-

161 2167 1004 88 ya o no novedad.

365 2233 1525 106 ⁋En el norte todo tranquilo.

186 2341 1974 94 Mañana salen los cazadores i algunos

164 2422 1832 91 civicos de caballería para ésa.

179 2503 1463 96 Te mando con ellos dinero.

194 2586 1968 106 Inútil me parece decirte que si llegara a

158 2679 2042 116 ocurrir algún trastorno en Concepcion debes

1771 2810 257 91 000173
