2481 3749
229 378 341 270 Intencia de Arauco

310 640 139 71 Chile

106 1021 240 159 C. en 15

637 902 1690 116 ⁋Para determinar la escala en que

481 1012 1887 109 deban efectuarse las operaciones mi-

437 1105 1937 113 litares que hai necesidad de empren-

471 1190 1844 115 der sobre la Alta frontera, necesito

471 1309 1805 103 que Ud me dé una razon circuns-

384 1373 1912 132 tanciada del estado de sus fuerzas,

437 1471 1912 131 sin espresion del número de que se

456 1568 1900 125 componen segun su arma. También

434 1674 1947 113 necesito saber si dejando una guar

424 1753 1850 112 nición en Lebu, bien reforzada la

465 1849 1869 186 plaza de Arauco i alguna fuerza

409 1930 1903 135 para la seguridad de los minerales

481 2033 1862 107 de Lota y Coronel, poría Ud con el

431 2121 1900 125 remanente de tropa que le queda

462 2217 1906 110 dirigirse hacia Purén hasta ponerse

390 2311 1828 122 de acuerdo con la division que

471 2396 1935 140 operaría por este lado hasta Angol

393 2505 1956 122 o más allá si es preciso. En caso

370 2586 1926 203 que a juicio de Ud la fuerza que le

363 2680 1952 215 queda disponible no sea suficiente

393 2782 1959 162 para hacer esa travesía, me indica

385 2867 1699 127 lo que necesita para ese fin.

878 2934 1511 149 ⁋Como el tiempo está ya al-

471 3058 1885 168 go avanzado espero que Ud sin pér-

381 3146 1990 121 dida de tiempo me transmita estos

1321 240 416 153 N°30

1034 606 1218 214 ⁋Ángeles, Febrero 7 de 1860.

2271 96 41 125 1

128 3311 1084 134 ⁋Al Sñr Coronel del

84 3417 1075 116 batallón 5º de Linea
