2450 3775
179 396 318 246 INTENDENCIA DE ARAUCO

259 659 137 64 CHILE

607 745 1720 123 ⁋Quedo impuesto del contenido de la nota

440 849 1868 116 de Ud. fha 4 del actual en que me expone las

415 946 1937 114 bases bajo las cuales proyecta arribar con

418 1044 1946 132 los principales caciques de la baja frontera

415 1141 1849 107 a un tratado o arreglo que garantice

412 1230 1849 106 para lo sucesivo de una manera estable

393 1314 1883 111 la tranquilidad, buen orden i el libre ejer-

437 1399 1729 120 cicio de la industria en el depart^0 de

444 1506 1854 129 Arauco, i todas las medidas que Ud piensa

393 1607 1978 110 tomar son de la aprobacion de la Intendᵃ, que-

440 1695 1880 132 dando Ud suficientemente, autorizado para

418 1786 778 126 llevarlas a efecto.

932 1874 1436 126 ⁋Únicamente tengo que prevenirle

434 1981 1899 98 que no mire como indispensable para

371 2060 1918 173 obligar a los indios a la paz el que uno

425 2164 1854 123 o mas caciques cedan parte o el todo

444 2249 1835 126 de sus bienes a favor al Estado en in-

444 2356 1823 91 demnizacion de los gastos causados en el

418 2428 1871 110 restablecimiento del departᵒ. Si, como

437 2535 1887 101 precio de la páz se puede obtener esto

421 2620 1906 128 sin tener que vencer mayores dificul-

425 2705 1867 129 tades, la cosa sería de saludables efec-

412 2818 1827 104 tos, caso contrario, no hai necesidades de

444 2906 1262 120 empeñarse en nuevos embarazos

821 3001 1512 126 ⁋Asi que Ud .concluya con los indios

437 3101 1855 98 su tratado, espero que me dará una razon

462 3183 1802 116 circunstanciada de él para someterlo al

425 3281 1511 107 conocimtᵒ del Supremo Gobierno.

1070 532 1055 196 ⁋Angeles, Febrero 11 de 1860

1299 291 434 99 N°33

2040 213 91 114 40

2232 140 29 83 1

192 3400 913 120 ⁋[C]omandᵉ en Jefe de la Divicion

192 3504 809 97 de Operaciones de Arauco
