2463 3753
622 253 1584 137 ⁋La determinacion, de los sueldos, que

406 372 1869 115 hubiere necesidad de asignar, a los caci-

456 475 1822 127 ques gobernadores que fuere preciso esta-

478 566 1819 103 blecer, queda exclusivamente a la pru-

422 650 1846 139 dencia de Ud , cuidando de no gravar

438 753 1558 110 mucho al erario con estos gastos.

823 844 1352 113 ⁋Con motivo de las operaciones

488 925 1743 113 que necesito emprender sobre la alta

384 1022 1828 125 frontera, había pensado que la coo-

413 1122 1777 160 peración de las fuerzas que Ud tiene

431 1222 1809 122 a su disposición sería mui ventajosa

435 1310 1833 138 para llevar a cabo estos trabajos ; i con

383 1397 1885 126 este fin había indicado a Ud si le

450 1501 1853 115 era posible avanzar con su division

441 1591 1812 119 por Purén; pero ya Ud está empeñado

428 1676 1837 128 en trabajos que tienden a la pacificacion

510 1773 1824 122 completa de un depart^o, he renunciado

438 1879 1858 122 a mi propósito i dejar a Ud en camino

416 1967 1827 125 de poder realizar su obra en las

444 2067 1411 150 proporciones que me indica.

2265 67 57 94 2

1305 3540 344 112 000241

1007 2182 858 231 ⁋Dios guarde a Ud

1467 2323 742 194 Vicente Villalon
