2320 2897
480 140 921 130 ⁋S. D. Mauricio Barbosa

812 533 1288 116 ⁋En el mes entrante parto para

106 637 2042 154 Santiago con el objeto de conferenciar con el

123 738 1979 104 Presidente sobre la atención que ha de

103 830 2113 118 darse á las operaciones de frontera en la pri-

118 924 2044 125 mavera próxima, pues hasta ahora sólo me

106 1026 2083 101 han emitido tal ó cual idea i nada se ha

120 1120 2084 103 resuelto de una manera conclullente. Este

116 1211 2097 139 modo de proceder no me gusta porque presen-

91 1313 2103 87 ta grabes inconvenientes y hace pesar sobre

125 1409 2040 102 mí una responsabilidad indeterminada; de

58 1506 2160 130 consiguiente exigiré que se determine un plan

101 1590 2093 114 de campaña i se me den las instrucciones res-

103 1677 460 126 pectivas.

224 1769 1984 121 ⁋De todo te iré teniendo al corriente á fin

108 1875 1458 121 de que te prepares en tiempo.

152 1967 2041 120 La política duerme en los pueblos del

111 2076 2039 101 norte i en esta nada ha ocurrido que

113 2175 1170 82 merezca tu atencion.

106 2252 2044 109 Mucho se habla de un desafio é escan-

116 2350 2015 119 dalo causado por García, y deseo que me

128 2450 2071 143 digas lo que haya de verdad á

164 2549 362 113 respecto.

476 2631 1653 166 ⁋No olvides mis encargos á serca

2150 98 49 114 1

725 349 957 129 ⁋Ángeles, Julio 29 de 1860

166 465 742 92 ⁋Mi querido cuña:
