2530 3695
281 291 339 232 INTENDENCIA DE ARAUCO

393 549 150 70 CHILE

570 786 1833 125 ⁋Por las notas de Ud  , de 22 i 23 del mes

384 902 2028 132 Corriente, quedo impuesto, que los indios

397 1009 1991 114 en número de mas de dos mil, a-

329 1120 2040 102 magan el departᵒ de su mando i

345 1216 2024 134 que Ud por defecto de instrucciones pa-

329 1308 2013 136 ra obrar i por carecer de fuerza de

348 1410 2012 129 Caballería no puede decidirse a re-

385 1505 1963 130 primir sus avances. En contestación

314 1619 2065 117 a sus citadas notas, debo manifes-

326 1715 2028 123 tar a Ud que al destinarse el bata-

335 1816 2053 111 llon de su mando a la guarni-

338 1912 2010 114 ción de ese departᵒ no se ha

345 2007 2012 133 tenido en vista otro objeto que

372 2118 1963 117 colocar a Ud en situacion de po-

317 2232 2028 129 der mantener la tranquilidad i

332 2327 2013 124 buen órden en la localidad, ponien-

422 2447 1944 121 do en ejercicio los medios, que re-

406 2558 1985 108 quieren las circunstancias para con-

311 2660 2095 111 seguirlo i cortar los males o causa

274 2771 2157 151 de trastorno que pueden alterar el

369 2882 2046 117 réjimen ordenado de las cosas. Este

419 2989 1978 111 xxxensamiento se ha manifestado a

437 3089 1991 104 Ud en notas particulares i berval-

391 3202 2003 114 mente se le hizo presente en esta

983 578 1281 176 ⁋Ángeles, Otbre 25 de 1860.

1448 261 511 142 N°178

2376 126 61 73 1

150 3322 848 132 ⁋Al Comandᵗᵉ de Arˢ

95 3439 903 102 del Departᵒ de Arauco.
