2524 3684
399 160 1885 153 ⁋Comandᵃ Jra~l de Armas; está pues

399 276 1897 138 Ud en el caso de obrar y castigar

380 380 1935 141 la temeridad de los indios i mon-

402 488 1857 129 toneros, adoptando las medidas

402 598 1968 123 que juzgue prudentes según las cir-

294 690 2054 132 cunstancias. Considero de grande im-

368 788 2005 142 portancia que si auxilie a los Caci-

307 902 2045 138 ques amigos, por que Como Ud mui

322 997 2033 126 bien lo ha entendido, la debilidad

386 1111 1959 120 en que están colocados, puede mui ¿¿

396 1203 1980 126 bien someterlos a la accion de las

374 1304 983 114 tribus rebeladas.

746 1393 1593 123 ⁋Por ahora no puedo subminis-

343 1495 2002 141 trarle la fuerza de Caballería que

359 1608 2002 105 necesita, por el mal estado de la

426 1706 1941 111 caballada, que con trabajo podría

377 1808 2014 98 llegar a ese punto en estado de

396 1906 1919 117 ser utilizada, pero pronto se dará

362 2001 1971 138 la orden para que el Escuadrón Cara-

346 2112 2006 126 binero de los Andes pase a ponerse

365 2219 1980 111 bajo sus órdenes. Mientras tanto,

411 2327 1937 116 si Ud lo cree preciso, puede llamar

331 2422 1990 132 al servicio la Guardia Nacional

328 2532 1971 129 del departᵒ, dando Cuenta para

399 2646 1916 123 que se le manden abonar los dia-

322 2744 1179 138 rios de costumbre.

687 2845 1671 139 ⁋Con respecto a Lota i Coronel,

396 2962 1946 129 puede Ud oficiar al Señor Intendᵗe

436 3079 1946 132 de Concepcion, a fin de que coloque

414 3185 2008 109 un destacamento en esos luga-

368 3291 2070 125 res, por si los montoneros intentasen

1894 3530 227 86 000343
