2381 2953
214 113 2026 138 ⁋Comunícame por xxx cuanto ocurr-

164 236 2103 120 ra i necesites, i no te fijes en que p ara

160 346 2048 104 ello sea preciso hacer uno o veinte.

192 442 2046 121 porque se aprobara cuanto gasto ha-

189 548 2007 106 gas con este fin, ó por otras razones

162 637 702 96 del servicio.

201 711 2005 115 ⁋A la Mercedes solo le deje cien

164 816 2052 124 pesos porque no pude darle el resto,

169 927 2022 104 i porque ella me manifesto que

169 1033 1064 79 aun tenia recursos.

224 1102 2009 108 ⁋No olvides el asunto de elecciones

187 1215 2065 99 i dime si el Gobernador se encuen-

169 1306 1559 108 tra bien a este respecto.

147 1402 2086 106 Me olvidaba: cuando te dije que te-

128 1510 2139 89 nia algunas cosas que comunicarte

147 1589 2081 106 lo hise por obligarles a dar un galo-

145 1685 2144 157 pe i tener el gusto de verte i dar-

142 1786 766 101 te un abrazo.

1792 2790 328 138 000373

2196 59 56 91 2

246 1887 2021 123 ⁋Siempre tu mejor amigo i her-

243 1998 350 101 mano

711 2052 980 120 Vicente Villalon
