2328 2941
149 142 2036 83 ⁋tome cien infantes, sesenta cargad. a caballo i

127 245 2073 83 como 40 hombres del escuadoón cívico i marc-

115 330 2151 84 he sobre los indios que se hallaban situados

105 426 2112 96 diez i seis o veinte cuadras al sud oeste de la

110 512 2156 105 ciudad en dos grupos; i despues de algunos mo-

107 605 2095 103 vimientos los indios fueron desorganizados por

78 698 2181 110 los fuegos de la infanteria, momento que

110 789 2097 103 aproveche, cargandoles con mi caballería

105 894 2068 88 en maza. Esta carga dio por resultado

117 972 2031 111 la completa derrota del enemigo

105 1071 2112 110 que persegui a mas de dos leguas i

105 1164 2144 103 que dejo en el campo mas de veinte

105 1262 2083 85 i cinco muertos i llevo en su retirada

105 1335 2014 101 mas de sesenta heridos. Habia lle-

112 1431 1946 105 gado la noche i como mi tropa no

122 1521 2132 103 habia comido resolvi volver al pueblo.

117 1620 2051 107 El 25 regrese a Los Anjeles para aten-

115 1718 2144 95 der a Santa Barbara, que era amaja-

66 1808 2171 96 do por una maza considerable de indios

125 1901 2021 98 que han sido rechazados i que hoi

125 2004 1030 113 hago perseguir.

277 2083 1918 95 ⁋El Cacique Carbulao i el Montonero

100 2173 2164 101 Silva vinieron a Nacimiento con los indios

110 2274 576 91 de Puren.

1852 2823 296 83 000383

2183 60 51 67 2

667 2622 883 108 Vicente Villalon

326 2360 1842 98 ⁋Deseo tu mejor salud i que cuen-

112 2455 2022 98 tas con el aprecio de tu cuña que

112 2563 709 91 quiere verte.
