2536 3810
149 64 2329 179 ⁋a las mujeres del 5º que han quedado las pobres

143 203 2332 133 pereciendo. Yo las he oído lamentarse mucho

130 307 2342 143 de U., que las ha olvidado i no les hace juicio,

130 415 2336 143 i yo biendo esto me he resuelto a darles racion

123 530 2343 145 diaria de carne: adelantandome sin que U. me lo

136 622 2342 155 ordene. Al cabo Roman tambien se le dá racion

133 736 1192 143 i sele ha prestado plata.

565 860 1923 171 ⁋Respecto a esta cantidad de animales que

127 955 2351 181 tengo, no hallo donde ponerlos, no hay pastos,

117 1108 2355 133 ni tengo quien los cuide, seme pierden muchos

139 1209 2234 146 i es mucho el trabajo, por falta de potreros.

594 1336 1881 137 ⁋Para descargarse de estos animales i econo-

133 1454 2339 139 misar algo al Gobierno, me parece recoger los

123 1565 2343 149 recibos que yo he dado, devolviendoles a las per-

123 1689 2330 133 sonas que dieron animales a lá division i yo les

133 1803 2339 143 acusé recibo, si le parece puede anunciarmelo pa

149 1908 2294 143 proceder. Si no se hace así los animales, se

149 2022 2294 146 pierden, se mueren o quedan en mui mal estado

149 2124 635 142 de flaqueza.

584 2225 1866 159 ⁋Procuraré de dejar los suficientes xxx

146 2355 1814 146 que pueda consumir esa guarnicion.

546 2479 1850 178 ⁋El vapor Independencia ha llegado i

162 2616 1118 146 Marcha a Lebu _

721 2768 1668 153 ⁋En este pueblo no hai novedad.

2370 44 42 102 2

886 2936 925 156 ⁋Su atento i SS.

1261 3079 690 156 ⁋J del C. Díaz

1830 3629 327 101 000200
