2417 3157
181 65 2120 203 ⁋le parece bien, puedo lograr la oportunidad de

121 231 2206 121 cualquier buque de guerra i mandarlos al Intendᵗᵉ

126 320 2193 129 de Valpᵒ, por medio de una nota, haciendo ber sus

107 420 2199 121 sus faltas. Espero su parecer: por que ya no

110 502 1993 118 caben tantos presos en calabozo tan pequeño.

89 686 2233 126 i Macías, se conducen con honradez. El caballo que

458 599 1880 124 ⁋Los dos primeros Soldados que aprehendí, Armas

105 765 2219 140 el Soldᵒ Balenzuela ha traido, selo dí al Cabo

118 862 1993 140 Román, quien se halla ya mui restablecido.

576 976 1762 115 ⁋Para que no bayan a exagerarle a U. de

81 1057 2225 118 mis procedimientos, he mandado distribuir nueve

102 1141 2233 132 yeguas i caballoz a las clases demi compᵃ, estos

131 1239 2209 113 animales estan en el esqueleto i mui lastimados, hicxxx

84 1331 2235 134 mucho por darlos alguna persona del pueblo, por

78 1428 2254 105 medio de un recibo i nadie melos quiso recibir,

92 1515 2232 124 i como se estaban muriendo por falta de pasto,

102 1607 2228 124 hallé por conbeniente darlos amis clases, con la con-

105 1702 2222 121 dicion que si U. los pide, se devuelvan. De este

81 1791 2249 121 modo creo salvada mi responsabilidad para con U.

118 1878 2212 145 por que la gente de este pueblo, se fijan en toxxx

115 1975 2215 129 i no les ha gustado la reparticion que he echo.

392 2070 1938 137 ⁋Muchas delas personas de aquí se creye-

81 2165 2246 126 ron desquitarse con los animales que se recogían exxx

84 2257 2246 134 este pueblo, pero se han equivocado, yo no les

86 2346 2244 119 he dado larga. Le tengo en documentos mas de 700

97 2438 2225 129 cabezas de ganado lanar, como 100 yeguas i como 150

97 2533 2222 134 animales baxxxnos, fuera delas deboluciones que he

97 2620 2214 139 hecho alas personas que seles saco comision paxxx

107 2712 2173 126 la Division que han sido 40, sin contar con el

107 2830 2202 140 consumo diario para esta guarnicion, las mujeres
