2512 3646
474 558 1934 195 ⁋He puesto en conocimiento delas autori-

474 714 1922 179 dades y la Junta General que me dice

480 835 1949 146 iba atener por hayer con los indios,

462 926 1919 186 solo espero saber su resultado para

477 1036 1962 155 transmitir esta noticia alas autoridades

474 1157 1070 119 que me he dirigido.

754 1257 1675 161 ⁋Con respecto alo que me dice de

471 1382 1949 146 no haber retirado a los oficiales civícos

477 1491 1971 146 que quedaron haciendo servicio en este

477 1576 1977 209 pueblo, se han equivocado las personas

462 1689 1992 214 que han corrido esta boz, la orden que

453 1780 1992 179 he dado está mui terminante para que

456 1898 1998 208 se retiren asus casas todo el piquete cí-

465 2017 1977 185 bico con sus oficiales. Lo que hai es

468 2126 1977 174 que dichos oficiales ciempre continuaron

468 2245 1964 143 asistiendo al cuartel, hacer sus retenes

462 2345 1970 158 de noche, esto hacido boluntario de ellos

429 2454 2016 170 yo no les he forzado, pero sus servicios

459 2561 1943 183 prestados sesaron hasta la fha en

437 2673 949 164 que dí la orden.

894 2801 1548 149 ⁋El Señor Dⁿ Anselmo Rios le

462 2922 1986 213 entregué secenta i dos cabesa[[s]] de ganado

465 3028 1986 210 lanar i diez i seis cabalgares, en cum-

453 3150 1958 161 plimiento de su orden, no llebó los

459 3278 1955 157 catorce animales bacunos, por que

863 200 1372 155 ⁋Arauco Marzo 4 de 1860

2131 121 70 125 54

872 413 666 143 ⁋Mi Coronel.
