2460 3042
116 210 2229 109 ⁋mandó decir entre otras cosas que procure po-

152 314 2173 86 nerse de acuerdo con U. vien yendo el avence

149 395 2234 106 con U. omandandole mensajes de toda confiansa.

215 501 2176 112 ⁋Painemal es Cacique de importancia y conben-

134 577 2262 137 drá mucho que procure U. atraerselo, dentrar

144 694 2252 107 en relaciones con el, seria de mucha importan-

142 790 2252 102 cia y sin el los Costinos aliados quedarían muy

139 869 2247 119 deviles. Por Painemal puede manden palabras

147 968 2186 129 al Imperial, Boroa y demas puntos afin de

142 1069 2208 104 tranquilisar los ánimos de todos esos, hacien-

147 1153 2206 127 dole entender que el Govierno aun que tie-

142 1264 2229 107 ne tanta jente y armas, no quere guerra con

142 1353 2206 124 los Indios, sino castigar y sosegar alos alia-

144 1455 2222 116 dos y todo aquello que crea U. conbeniente

139 1556 2234 109 para que no den oido a los que los seducen

147 1642 1435 127 y se mantengan tranquilos.

1737 2836 319 104 000192

2236 22 43 165 2

1237 1733 1157 99 ⁋Deseandole a U. el mejor

162 1830 2204 124 exito en su campaña queda de U. su am^o y Servidor

869 1921 949 132 ⁋José Bme Sepulveda
