2364 3096
420 198 1741 134 ⁋Sõr Coronel Don Mauricio Barbosa

304 526 810 119 ⁋Mi querido amigo:

1169 518 1029 137 ⁋Ayer por un indio que

92 619 2122 80 llegó de Puren se me anoticiado que un numero de

87 683 2173 114 mas de mil indios le salió a U. al encuentro adelante

92 771 2191 113 de Tirua y que le arrollaron a U. la caballeria y indios

129 851 2095 108 liados, pero que la infanteria de U. rechasó alos que

126 949 2127 106 combatian y qye seguia V. en perscusion de ellos.

77 1026 2199 96 Esta noticia la transmiti en el acto a la Intendencia

105 1119 2158 109 y me apresuro a hacer este expreso con el objeto

82 1204 2196 101 de que nos informe el pormenor de los acontecimi-

100 1287 2158 98 entos, lo acaecido en el encuentro de que se me a

69 1364 2171 109 informado y lo mas que haya ocurrido, y el es-

77 1444 2170 98 tado de tu situación noticiándonos los que cuen-

90 1524 2152 106 ta U. como amigo y quienes son los de mas va-

103 1607 2147 108 lor que se le presentan como enemigos; pues ami

95 1687 2168 95 se me ha dicho que los Caciques Lemunan de Boroa,

118 1756 2145 109 Marileo del Imperial, Painemal de Cholchol, Juan

85 1839 2180 116 y al e Rimaco y los hijos de Raíñ de Pellahuen

85 1927 2149 124 son los que Capitanearon alos que U. a combatido

1749 2025 504 95 ⁋Nuestra es-

77 2087 2230 131 pedicion solo llegó a Malleco enfrente de Chiguai

72 2185 2204 100 que después de 9 días tuvimos que bolvernos sin

74 2262 2186 114 haber tenido ningun encuentro y se nos presen-

80 2347 2183 111 tarían algunos 600 indios sólo por incomodar-

69 2422 2171 116 nos xxx una distancia en que no podiamos darles

80 2518 2191 111 casa. Creo que Villalon espera contestacion del

87 2587 2181 160 Gov^o para emprender nueva campaña mejor

105 2672 2163 142 xxxmbinada y siempre esperaremos lo que U. nos

356 2758 1912 144 en este mismo momentos también doy cu-

720 337 1210 129 ⁋Nacimi^to 24 de Enero de 1860

1907 136 77 97 37

2167 79 31 88 1
