2390 3140
157 238 2151 96 c alqui cho cor mis fuierzas afin de que astes sirvar

183 321 2120 89 testigos como ellosdicen, de todo lo que vamos atre

107 410 2230 105 tar. talves asto no les va agradar mueho i guisas lo traten

102 512 2233 81 de impeder, se m hestos resuelte haurlo porq

1026 486 285 81 ⁋Arere go

154 575 2133 73 ejto mozal am pa eprocpucireamelos ny ef-

96 583 2178 120 de Utomlta a Untay que conoe q aldod^e

83 680 2233 112 sas i elementos de querras de que el Gob dispone, los ha

73 779 2246 133 ra por mueho tiempo abrigar eltemor de una guerra

86 876 2212 92 cuyas connenencias poe mas o menos ellez sabran valoni

99 955 1785 91 gr Tela pente seralisa po

1285 944 1023 115 á encrntro en gllos de poricion

78 1049 2222 112 piemo haierles alejirentre los canquis uno que haga

65 1138 2225 112 de Jefe principal de todos los indios comprendidos hasta

73 1235 2220 102 el imperial, tinetes de este departamento, i otroscaiiques

70 1318 2244 108 sialenal to titutar carique Gobernador i otros con el

81 1410 2230 118 trombre de cariquis suboclegados que estarn bajo las or

78 1515 2212 83 denes deashe qunsea spomable al Gob^e de la con

96 1614 2176 76 tervacion dil orden Ue esta medid puede amipuicio

774 1585 1545 63 comgena la a lefclarante de cuantis

99 1669 2236 71 paisamos se intrdesscan en esa partede depo sinllevia ebapapel del

96 1719 2202 65 dar los resuttados siquits el somctimiento el los vdior a

99 1763 2105 68 rod del dputer aquerppedira juerras pare hacerre obedeni impetar

91 1805 2217 89 aua antoridad que defienda de la antoredad paincipal Eljm

91 1889 2212 83 pedirque sei gentre ellos os estableseenca parte

536 1860 893 63 se abriguer o restablescan-

99 1957 2201 125 tna porcion de individuos qu beerte so que hasta laflrá han-

91 2056 2209 113 estado fuera del alcann de la antosidad i fimalmente cvi-

109 2145 2223 121 tar pare lo suresivo la cesistencio i organisación de mon-

102 2250 2209 110 tonesas como la presente hque no tengo antorisa

96 2341 2202 105 cion pare esto aburando de las instacciones que se medie

99 2430 2165 95 ron por el ser Int^o de Valpi en las enales se me deja la

99 2514 2201 120 facuttad de obraraf de esteblocerta tranquitidaden

96 2614 2194 104 estafeate delefronter, he pemsado adoptar estas medi-

94 2708 2076 107 da que de de luego someto ala comidesación de U6.

230 2786 2060 172 ⁋Si los indios no convienen en la entrega de
