2515 3728
118 67 444 244 ⁋s. s.

699 56 1744 189 ⁋me he negado a la peticion de

693 229 1731 155 cacique, fundando mi excusa

683 351 1769 159 en que no podía bajo pretexto

677 472 1787 149 alguno abandonar este punto i

687 612 1772 121 que además carecía de recursos

690 742 1762 124 para emprender una marcha

668 863 1791 171 que podría dar por resultado

677 1018 1778 151 la pérdida de mis fuerzas, en

680 1155 1757 156 su totalidad o en una parte

683 1292 489 115 de ellas.

1075 1438 1374 150 ⁋Aunque en mi concep-

690 1558 1759 203 to, los indios exijirán, como

680 1721 1782 136 de costumbre, el estado de las

680 1843 1769 132 cosas, he mandado correo al

683 1969 1763 166 cacique Huaraman, para que

687 2115 1762 165 haga salir algunos mocetones

690 2255 1769 167 a auxiliar a Lepin e igual-

677 2379 1778 134 mente he dicho esto a Mari-

674 2523 1788 158 ñán, que acompañó hasta es-

674 2649 1778 161 te punto al correo de Lepin i

683 2789 1735 112 a Ancaten, mandado por

674 2904 1778 164 Palma, para que este mande

680 3029 1763 139 tambien. En las actuales

687 3184 1759 161 circunstancias yo no he poxxxi-

683 3324 1222 111 do hacer otra cosa.

1302 3457 1135 165 ⁋Por lo que respec-

1691 3625 188 53 000268
