2520 3746
209 231 1007 131 ⁋Comandᵃ accidental

46 352 1708 166 de la División de Operaciones de Arauco

874 1068 1571 165 ⁋Hoi a las 5 1/2 de la tarde reci-

637 1226 1814 144 bí un correo del cacique Lepin, en

621 1370 1820 137 que me da parte que el cacique

624 1498 1836 143 Nerrian le ha mandado avisar

621 1626 1836 145 que se prevenga que los Huilli-

621 1735 1824 162 ches por Tirua y los Lelbun-

624 1860 1821 151 ches por la cordillera, deben

618 1994 1836 131 hoi o mañana dar un malon

624 2138 1839 158 a los cuatro caciques gobernador-

627 2269 1818 159 es. Segun dicen los correos, lo

627 2378 1783 150 que se proponen los Huilli-

624 2528 1799 134 ches i Lelbunches es atacar

630 2669 1811 156 a los indios amigos por cua-

627 2797 1821 186 tro partes a un tiempo. En

627 2953 1839 149 virtud de esto, solicitaba Lepin

646 3087 1799 173 el auxilio de mis fuerzas, ya

637 3240 1820 156 en un tordo o en una compa-

621 3368 1839 167 ñía por lo menos. Ud podrá

612 3527 1851 128 calcular que redondamente

1208 729 1165 176 ⁋Tucapel, Mayo 9 de 1860.

2273 110 35 85 1
