2526 3745
786 2340 1602 131 ⁋Reciba U. recuerdos de

184 2471 2182 156 todos los oficiales i disponga U. de

174 2627 1624 150 su afmo capitan i amigo.

237 3142 2167 169 ⁋Ad: No le escribo mas largo por

202 3270 2186 159 ue por ahora no hai mas _ Si algo

1870 3226 350 119 novedqd

168 3407 2267 138 ai, sea mañana o pasado o cualquier

112 3535 1286 113 día, le avisaré. _

196 74 2211 133 ⁋decir “que la guerra que a ellos les

196 177 2233 117 hacían los otros indios era por servir

196 277 2239 136 al Gobierno i que era mui triste que

212 393 2201 109 cuando a ellos los atacaban no los

215 511 2236 113 protegiesen". Para mí, como para to-

209 611 2254 116 do el mundo, los indios tienen razon

209 727 1286 115 para expresarse así.

889 818 1577 193 ⁋Lo que me hace creer que

171 1026 2261 100 tenga visas de verdad este asunto,

152 1145 2311 115 es el semblante que traía Mariñán:

149 1276 2317 148 este indio siempre tan altivo en toda

168 1388 2292 125 circunstancia, venía hoi lo mas demu-

171 1519 2295 179 dado i su semblante presajiaba algo

156 1647 2251 185 de funesto. Hoi sin embargo una cir-

168 1789 2242 154 cunstancia que me hace desconfiar,

171 1913 2236 164 es que me dijo Ancatén i los demás

168 2028 2220 144 indios, que si hoi o mañana no da-

159 2140 2204 160 ban el golpe, ya no había nada.

1864 3570 334 112 000269

1002 2743 887 153 Daniel García
