2464 3098
188 250 1082 152 ⁋S.D Vicente Villalon

333 555 914 131 ⁋Mui Sõr mio y Am^o

1123 640 1291 119 ⁋Parese que la obra seva coronan-

180 735 2229 119 do, hoi i tenido mensajes de distintas discusiones todos

167 826 2245 113 alagan nuestras esperanzan de una manera favorable, ya

178 903 2236 120 el programa esta resuelto entre los Indios, todos los aba-

162 993 2240 111 jinos se ofrecen al servicio del Gobierno, esto no solo melo

149 1081 2265 122 prüebas las cartas que le adjunto i que por ellas se impondra

152 1169 2255 106 lo corroboran los individuos españoles que han ido mandados

149 1259 2260 117 por mi ise an encontrado en las distintas juntas, asta que

134 1347 2265 116 por ultimo se an separado de Milin manifestandole

144 1440 2268 103 que no cuente con ellos que estan dispuestos aunirse con

131 1525 2278 98 el Govierno. Catrileo me escribe ime manda men-

139 1613 2270 130 saje, manifiesta la mõr decision i ofrece su seguridad i fi-

147 1701 2267 136 elidad al Gobierno isa Alianza de muchos caciques ami-

61 1799 2351 120 gos; pide con interes que pronto nos pongamos en hobra

144 1876 2255 122 y encarga mui particularm^te que me dirija a U. sin

147 1969 2262 114 perder momento p^a que le aga un expreso al Goberna-

154 2060 2222 98 dor de Arauco previniendole que sin perder tiempo

152 2137 2206 114 mande un mensaje llamando a Paineman á Paicaví,

154 2230 2255 119 que marcho áquel junto de cuando con el con 100

90 2318 2319 113 hombres á contener alos costinos; que puesto Paine-

157 2421 2219 120 man en Arauco sacaran cuantes garantias quieran

111 2501 2301 103 Yque le avisen si Paineman no sale, olo siten para

126 2591 2273 117 donde quera que hira a la costa ocua xxx con

105 2669 2276 129 nuestras fuerzas. (Si comprendera que es Catrileo . A de

134 2770 674 116 la oferta.

1151 445 1065 128 ⁋Nacim^to D^bre 12 de 1859.

2249 149 36 91 1
