2300 2824
289 591 1890 138 ⁋Había concebido la esperanza de verme

153 710 1989 101 por aca con U. para conferenciar sobre su

162 811 2046 95 campaña i poder imponer personalmente

181 898 2010 88 al Gobierno de todos  las ocurrencias i de

160 983 2078 92 todas las necesidades de su devoción. Villalon

197 1082 2008 85 que también desea verlo, me habià dicho

155 1167 2062 99 que U. le había ofrecid una vicita; pero

164 1259 2034 98 los medios mi amigo, no dan lugar a estos

167 1348 1994 106 desahogos. El Gobierno me ha hecho

162 1444 2060 92 especiales encargos de imponerme tanto

162 1532 2029 87 de las necesidades del ejercito cuanto de

169 1614 2048 99 las fuerzas que tanto U. como Villalón jus-

185 1710 2056 90 gasen preciso para concluir con xxx

200 1793 1937 92 esta campaña que es tan nulesta para

207 1889 1975 99 el soldado, sobre todo cuando el equipo no corres-

169 1979 1982 91 ponde a las efectivas necesidades que exije

178 2063 2027 95 el lugar i el tiempo. Desia mucho por

178 2150 2051 106 que no he podido hablar con U. que venian

183 2242 1968 104 por aca a conferenciar con Villalon para

167 2339 2015 99 que entre ambos comunicarse al Gobierno

174 2430 2003 104 el resultado de su experiencia a fin de

176 2527 1956 106 que para el año entrante se organice

489 517 749 108 ⁋Estimado amigo

786 222 1259 174 ⁋Sõr Don Meauricio Barboza

927 399 895 144 ⁋Anjeles Feb^o 20 de 1860

2144 91 28 111 1
