<?xml version="1.0" encoding="UTF-8"?>
<alto xmlns:xsi="http://www.w3.org/2001/XMLSchema-instance"
      xmlns="http://www.loc.gov/standards/alto/ns-v4#"
      xsi:schemaLocation="http://www.loc.gov/standards/alto/ns-v4# http://www.loc.gov/standards/alto/v4/alto-4-2.xsd">
  <Description>
    <MeasurementUnit>pixel</MeasurementUnit>
    <sourceImageInformation>
      <fileName>273_a.jpg</fileName>
      
    </sourceImageInformation>
  </Description>
  
  <Tags>
    <OtherTag ID="BT3955" LABEL="TitlePageZone" DESCRIPTION="block type TitlePageZone"/><OtherTag ID="BT3954" LABEL="StampZone:manuscript" DESCRIPTION="block type StampZone:manuscript"/><OtherTag ID="BT3953" LABEL="StampZone:graphic" DESCRIPTION="block type StampZone:graphic"/><OtherTag ID="BT3952" LABEL="QuireMarksZone:signature" DESCRIPTION="block type QuireMarksZone:signature"/><OtherTag ID="BT3951" LABEL="NumberingZone:page" DESCRIPTION="block type NumberingZone:page"/><OtherTag ID="BT3950" LABEL="NumberingZone:other" DESCRIPTION="block type NumberingZone:other"/><OtherTag ID="BT3949" LABEL="NumberingZone:id" DESCRIPTION="block type NumberingZone:id"/><OtherTag ID="BT3948" LABEL="MarginTextZone:note" DESCRIPTION="block type MarginTextZone:note"/><OtherTag ID="BT3947" LABEL="MarginTextZone:letterhead" DESCRIPTION="block type MarginTextZone:letterhead"/><OtherTag ID="BT3946" LABEL="MarginTextZone:commentary" DESCRIPTION="block type MarginTextZone:commentary"/><OtherTag ID="BT3945" LABEL="MainZone#Text" DESCRIPTION="block type MainZone#Text"/><OtherTag ID="BT3944" LABEL="MainZone#SaluteIntro" DESCRIPTION="block type MainZone#SaluteIntro"/><OtherTag ID="BT3943" LABEL="MainZone#SaluteConclude" DESCRIPTION="block type MainZone#SaluteConclude"/><OtherTag ID="BT3942" LABEL="CustomZone#Object" DESCRIPTION="block type CustomZone#Object"/><OtherTag ID="BT3941" LABEL="CustomZone#Dateline" DESCRIPTION="block type CustomZone#Dateline"/><OtherTag ID="BT3940" LABEL="CustomZone#Address" DESCRIPTION="block type CustomZone#Address"/>
    <OtherTag ID="LT1335" LABEL="InterlinearLine:correction" DESCRIPTION="line type InterlinearLine:correction"/><OtherTag ID="LT1334" LABEL="InterlinearLine:commentary" DESCRIPTION="line type InterlinearLine:commentary"/><OtherTag ID="LT1333" LABEL="DefaultLine" DESCRIPTION="line type DefaultLine"/>
  </Tags>
  
  <Layout>
    <Page WIDTH="2369"
          HEIGHT="3019"
          PHYSICAL_IMG_NR="6"
          ID="eSc_dummypage_">
      <PrintSpace HPOS="0"
                  VPOS="0"
                  WIDTH="2369"
                  HEIGHT="3019">
        
        <TextBlock HPOS="433"
                   VPOS="271"
                   WIDTH="1012"
                   HEIGHT="169"
                   ID="eSc_textblock_c4e969a2"
                   TAGREFS="BT3940">
          <Shape><Polygon POINTS="994 352 1394 352 1445 430 463 440 433 400 453 271"/></Shape>
          
          
          <TextLine ID="eSc_line_add3d4e8"
                    TAGREFS="LT1333"
                    BASELINE="485 425 1429 420" 
                    HPOS="461"
                    VPOS="280"
                    WIDTH="968"
                    HEIGHT="170">
            <Shape><Polygon POINTS="1407 379 1374 379 1346 352 1339 352 1314 352 1304 352 1241 379 1210 352 1188 352 1163 352 1137 352 1102 379 1049 364 1047 364 1044 364 979 379 976 379 903 342 901 342 898 342 896 342 803 377 752 342 750 342 747 342 644 342 641 342 639 342 636 342 655 313 461 280 483 379 485 425 485 450 959 437 1424 445 1429 420 1427 412 1414 392"/></Shape>
	    <String CONTENT="⁋Sr D^n Mauricio Barbosa"
                    HPOS="461"
                    VPOS="280"
                    WIDTH="968"
                    HEIGHT="170"></String>
          </TextLine>

          
        </TextBlock>
        
        <TextBlock HPOS="100"
                   VPOS="792"
                   WIDTH="2198"
                   HEIGHT="1690"
                   ID="eSc_textblock_d719941c"
                   TAGREFS="BT3945">
          <Shape><Polygon POINTS="1586 2392 1465 2425 1466 2443 818 2443 806 2482 342 2443 139 2443 114 2359 100 1829 120 905 505 866 505 881 952 881 952 792 1518 792 1528 795 2197 795 2288 835 2298 2352 2217 2392"/></Shape>
          
          
          

          
          
          <TextLine ID="eSc_line_4b6a3dda"
                    TAGREFS="LT1333"
                    BASELINE="979 857 2248 850" 
                    HPOS="976"
                    VPOS="789"
                    WIDTH="1272"
                    HEIGHT="101">
            <Shape><Polygon POINTS="2240 815 2155 815 2129 795 2109 795 2092 795 2069 815 1983 815 1875 795 1857 795 1832 795 1807 795 1797 795 1764 815 1762 817 1699 817 1699 815 1671 795 1656 795 1651 795 1618 817 1518 817 1452 792 1450 792 1447 792 1445 792 1367 817 1339 792 1339 789 1336 789 1334 789 1062 789 1059 789 1057 789 976 817 979 857 979 878 1258 872 1301 878 1397 890 1399 890 1402 890 1442 878 1465 870 1490 878 1528 888 1530 888 1533 890 1638 890 1638 888 1641 888 1671 875 1689 870 1729 875 1810 888 1812 888 1815 888 1857 875 1880 870 2243 872 2248 850 2243 815 2240 815"/></Shape>
	    <String CONTENT="⁋Mucho tiempo á que estaba con deseos"
                    HPOS="976"
                    VPOS="789"
                    WIDTH="1272"
                    HEIGHT="101"></String>
          </TextLine>

          
          
          <TextLine ID="eSc_line_581a40f0"
                    TAGREFS="LT1333"
                    BASELINE="140 958 2306 950" 
                    HPOS="138"
                    VPOS="880"
                    WIDTH="2168"
                    HEIGHT="116">
            <Shape><Polygon POINTS="188 898 163 900 153 900 138 908 140 958 140 973 329 971 362 973 506 993 508 993 511 993 513 993 543 973 553 973 662 986 664 986 667 986 707 973 725 968 818 968 823 973 850 993 853 993 855 993 858 993 1004 973 1057 966 1309 971 1402 973 1440 991 1442 991 1495 993 1583 971 1591 971 1593 971 1616 988 1618 988 1621 988 1623 991 1678 996 1706 988 1709 988 1759 971 1767 968 1772 971 1800 986 1802 986 1805 986 1807 986 1855 971 1865 968 2041 968 2044 971 2069 988 2071 988 2074 988 2076 988 2303 968 2306 950 2295 880 2253 898 2117 883 2089 880 2087 880 2084 880 2082 880 2079 883 2046 903 1961 885 1956 885 1953 885 1951 885 1948 885 1920 905 1578 908 1528 908 1505 893 1492 883 1490 883 1487 883 1404 883 1402 883 1399 883 1374 893 1359 900 1349 895 1331 883 1329 883 1326 883 1324 883 1321 883 1294 895 1271 905 1226 895 1183 888 1180 888 1097 898 1057 903 1047 898 1012 883 1009 883 1007 883 898 900 858 908 833 903 767 885 765 885 762 885 624 905 601 908 599 905 579 893 576 893 573 893 377 885 375 885 372 885 370 885 337 910 284 910 221 893 213 895"/></Shape>
	    <String CONTENT="de escribirle para tener el placer de saludarlo, pero ignorando el lugar"
                    HPOS="138"
                    VPOS="880"
                    WIDTH="2168"
                    HEIGHT="116"></String>
          </TextLine>

          
          
          <TextLine ID="eSc_line_99b0ccc4"
                    TAGREFS="LT1333"
                    BASELINE="135 1034 2265 1041" 
                    HPOS="133"
                    VPOS="968"
                    WIDTH="2132"
                    HEIGHT="120">
            <Shape><Polygon POINTS="133 1056 370 1061 372 1061 392 1059 473 1046 503 1059 513 1064 516 1064 518 1064 586 1061 722 1051 845 1061 908 1066 911 1066 939 1061 1014 1049 1241 1061 1243 1061 1324 1049 1356 1064 1359 1064 1361 1064 1364 1064 1412 1049 1442 1064 1445 1066 1447 1066 1450 1066 1547 1088 1696 1056 1759 1066 1777 1069 1779 1069 1782 1069 1787 1066 1827 1051 1918 1064 1920 1064 2182 1051 2260 1069 2265 1041 2258 981 2215 1001 2124 1001 2097 981 2087 973 2084 973 2082 973 2079 973 2076 973 2046 981 1973 1001 1666 1001 1641 981 1631 973 1628 973 1626 973 1623 973 1621 973 1596 981 1555 998 1422 998 1394 983 1372 971 1369 971 1102 971 1100 971 1097 971 1049 983 996 998 898 998 868 983 833 968 830 968 694 968 692 968 619 983 571 993 135 986 135 1034"/></Shape>
	    <String CONTENT="en que se encontraba, segun las noticias ambiguas que recibíamos;"
                    HPOS="133"
                    VPOS="968"
                    WIDTH="2132"
                    HEIGHT="120"></String>
          </TextLine>

          
          
          <TextLine ID="eSc_line_941fe8d2"
                    TAGREFS="LT1333"
                    BASELINE="135 1124 2280 1129" 
                    HPOS="135"
                    VPOS="1056"
                    WIDTH="2145"
                    HEIGHT="88">
            <Shape><Polygon POINTS="135 1124 135 1144 2278 1144 2280 1129 2278 1084 2185 1084 2182 1081 2144 1059 2142 1059 2139 1059 2137 1059 2134 1059 2071 1081 2069 1081 2066 1081 1968 1059 1764 1059 1762 1059 1759 1059 1711 1079 1684 1066 1681 1066 1679 1066 1603 1079 1586 1084 1402 1084 1389 1079 1331 1059 1329 1059 1326 1059 1228 1074 1183 1061 1180 1061 1178 1061 1175 1061 1125 1076 1120 1079 1117 1076 1090 1056 1087 1056 1085 1056 1082 1056 994 1071 845 1056 843 1056 760 1076 740 1081 636 1081 626 1074 596 1056 594 1056 591 1056 589 1056 586 1056 584 1056 558 1074 548 1081 422 1081 412 1074 377 1056 375 1056 299 1056 297 1056 294 1056 249 1074 231 1079 135 1074 135 1124"/></Shape>
	    <String CONTENT="me haría ésta incertidumbre, faltar á uno de los deberes de gra-"
                    HPOS="135"
                    VPOS="1056"
                    WIDTH="2145"
                    HEIGHT="88"></String>
          </TextLine>

          
          
          <TextLine ID="eSc_line_a3172ce7"
                    TAGREFS="LT1333"
                    BASELINE="130 1217 2283 1207" 
                    HPOS="128"
                    VPOS="1137"
                    WIDTH="2155"
                    HEIGHT="103">
            <Shape><Polygon POINTS="130 1217 130 1235 631 1227 682 1232 750 1240 752 1240 755 1240 782 1232 808 1225 1130 1225 1153 1230 1203 1240 1205 1240 1377 1227 1455 1222 1470 1227 1502 1237 1505 1237 1508 1240 1744 1240 1744 1237 2280 1220 2283 1207 2275 1162 2210 1167 2187 1159 2117 1137 2114 1137 2112 1137 2109 1137 2069 1152 2014 1137 2011 1137 2008 1137 2006 1137 2003 1137 1971 1159 1961 1164 1951 1159 1943 1154 1941 1154 1938 1154 1935 1154 1928 1159 1908 1169 1742 1169 1711 1157 1679 1142 1676 1142 1674 1142 1671 1142 1669 1142 1648 1157 1628 1172 1575 1172 1548 1154 1523 1139 1520 1139 1518 1139 1387 1139 1384 1139 1382 1139 1354 1154 1351 1154 1339 1154 1221 1142 1218 1142 1215 1142 1185 1152 1132 1174 730 1174 636 1149 611 1144 609 1144 606 1144 594 1149 528 1174 470 1147 463 1144 460 1144 458 1144 420 1147 334 1157 314 1147 309 1144 307 1144 304 1144 128 1144 130 1217"/></Shape>
	    <String CONTENT="titud. Pero ahora que hemos savido positivamente que se halla en"
                    HPOS="128"
                    VPOS="1137"
                    WIDTH="2155"
                    HEIGHT="103"></String>
          </TextLine>

          
          
          <TextLine ID="eSc_line_89ab7903"
                    TAGREFS="LT1333"
                    BASELINE="120 1300 2290 1295" 
                    HPOS="118"
                    VPOS="1222"
                    WIDTH="2172"
                    HEIGHT="108">
            <Shape><Polygon POINTS="120 1300 120 1315 372 1330 375 1330 377 1330 433 1315 440 1315 473 1315 755 1328 757 1328 1054 1315 1059 1315 1062 1315 1200 1330 1203 1330 1205 1330 1208 1330 1228 1318 1397 1328 1399 1328 1402 1328 1437 1313 1442 1313 1462 1313 1638 1328 1641 1328 1795 1313 1805 1313 1815 1313 1953 1328 1956 1328 2288 1310 2290 1295 2285 1255 2034 1255 2029 1250 1973 1225 1971 1225 1968 1225 1966 1225 1918 1250 1915 1250 1898 1250 1792 1237 1789 1237 1787 1237 1784 1237 1772 1247 1762 1255 1664 1255 1648 1245 1608 1225 1606 1225 1603 1225 1472 1242 1455 1245 1447 1242 1399 1222 1397 1222 1394 1222 1392 1222 1324 1242 1283 1255 1200 1255 1132 1240 1072 1225 1069 1225 767 1227 765 1227 747 1235 689 1255 478 1250 450 1230 443 1225 440 1225 438 1225 435 1225 118 1225 120 1300"/></Shape>
	    <String CONTENT="Santa Juana, hemos tenido la desagradable noticia de saber que se"
                    HPOS="118"
                    VPOS="1222"
                    WIDTH="2172"
                    HEIGHT="108"></String>
          </TextLine>

          
          
          <TextLine ID="eSc_line_aa9423b8"
                    TAGREFS="LT1333"
                    BASELINE="118 1381 2283 1381" 
                    HPOS="118"
                    VPOS="1320"
                    WIDTH="2165"
                    HEIGHT="98">
            <Shape><Polygon POINTS="118 1381 118 1396 304 1396 307 1396 385 1416 387 1416 390 1418 470 1418 470 1416 473 1416 475 1416 500 1398 767 1416 770 1416 772 1416 823 1398 830 1396 850 1398 976 1416 979 1416 1168 1398 1221 1396 1648 1396 1656 1401 1676 1416 1679 1416 1681 1416 1684 1416 1784 1403 1837 1396 2006 1396 2029 1403 2064 1416 2066 1416 2069 1416 2283 1403 2283 1381 2283 1323 2235 1320 2233 1320 2230 1320 2228 1320 2200 1338 2162 1320 2157 1320 2155 1320 2066 1320 2064 1320 2061 1320 2059 1320 2011 1343 1779 1343 1716 1320 1714 1320 1711 1320 1709 1320 1696 1320 1555 1340 1523 1320 1520 1320 1518 1320 1402 1320 1399 1320 1397 1320 1394 1320 1367 1338 1105 1340 1074 1320 1072 1320 1069 1320 1067 1320 1064 1320 1027 1338 959 1320 956 1320 954 1320 951 1320 949 1320 916 1343 720 1343 636 1323 634 1323 631 1323 629 1323 601 1340 511 1325 508 1325 506 1325 465 1340 380 1323 377 1323 375 1323 312 1340 264 1320 261 1320 118 1320 118 1381"/></Shape>
	    <String CONTENT="halla U. enfermo, y que éste poderoso motivo es el que nos ha pri-"
                    HPOS="118"
                    VPOS="1320"
                    WIDTH="2165"
                    HEIGHT="98"></String>
          </TextLine>

          
          
          <TextLine ID="eSc_line_54ea9bf6"
                    TAGREFS="LT1333"
                    BASELINE="125 1471 2268 1464" 
                    HPOS="123"
                    VPOS="1396"
                    WIDTH="2145"
                    HEIGHT="122">
            <Shape><Polygon POINTS="125 1484 312 1484 342 1504 344 1504 347 1504 397 1518 538 1484 561 1481 576 1484 649 1496 652 1496 654 1496 687 1484 694 1481 881 1481 883 1484 934 1499 936 1499 939 1499 1029 1484 1062 1479 1097 1484 1153 1491 1155 1491 1243 1484 1276 1481 1281 1484 1306 1501 1309 1501 1311 1501 1314 1504 1437 1504 1437 1501 1440 1501 1485 1484 1487 1484 1525 1501 1528 1501 1530 1501 1596 1499 1679 1484 1711 1479 1742 1484 1767 1489 1769 1489 1807 1484 1870 1476 1941 1484 2056 1499 2059 1499 2265 1484 2268 1464 2258 1403 2207 1423 2092 1423 2059 1406 2041 1396 2039 1396 1951 1396 1948 1396 1893 1406 1857 1413 1840 1406 1825 1401 1822 1401 1820 1401 1817 1401 1802 1408 1769 1423 1525 1423 1417 1411 1299 1398 1296 1398 1294 1398 1258 1413 1231 1426 1032 1426 1017 1416 981 1398 979 1398 840 1398 838 1398 687 1401 684 1401 682 1401 657 1418 647 1426 611 1421 521 1403 518 1403 516 1403 455 1421 440 1426 425 1421 370 1403 367 1403 365 1403 281 1413 234 1401 231 1401 229 1401 123 1423 125 1471"/></Shape>
	    <String CONTENT="vado del placer de tenerlo con nosotros; pero quiera el Cielo que"
                    HPOS="123"
                    VPOS="1396"
                    WIDTH="2145"
                    HEIGHT="122"></String>
          </TextLine>

          
          
          <TextLine ID="eSc_line_b9b97ca7"
                    TAGREFS="LT1333"
                    BASELINE="125 1557 2275 1567" 
                    HPOS="125"
                    VPOS="1486"
                    WIDTH="2150"
                    HEIGHT="116">
            <Shape><Polygon POINTS="125 1579 402 1569 448 1582 503 1597 506 1597 508 1597 511 1597 543 1582 563 1572 579 1582 599 1597 601 1597 604 1597 1009 1600 1012 1600 1014 1600 1044 1582 1059 1574 1163 1569 1195 1582 1238 1602 1241 1602 1243 1602 1359 1584 1434 1572 1515 1584 1525 1584 1528 1584 1535 1584 1588 1572 2270 1584 2275 1567 2273 1494 2155 1494 2152 1494 2149 1494 2097 1514 2056 1494 2054 1494 2051 1494 1873 1494 1870 1494 1868 1494 1860 1496 1787 1519 1749 1496 1742 1491 1739 1491 1737 1491 1734 1491 1732 1491 1709 1496 1666 1509 1583 1499 1560 1496 1558 1496 1555 1496 1548 1499 1513 1512 1487 1499 1472 1491 1470 1491 1467 1491 1429 1499 1389 1509 1354 1499 1319 1491 1316 1491 1314 1491 1271 1501 1200 1517 1130 1517 1110 1501 1090 1489 1087 1489 1085 1489 1082 1489 951 1491 949 1491 921 1504 898 1517 717 1517 702 1506 684 1491 682 1491 679 1491 677 1491 674 1491 647 1506 634 1514 299 1514 292 1509 254 1486 251 1486 249 1486 246 1486 244 1486 241 1486 203 1509 189 1510 125 1512 125 1557"/></Shape>
	    <String CONTENT="ésta no se prolongue y tengamos el gusto de saber su total resta-"
                    HPOS="125"
                    VPOS="1486"
                    WIDTH="2150"
                    HEIGHT="116"></String>
          </TextLine>

          
          
          <TextLine ID="eSc_line_36140546"
                    TAGREFS="LT1333"
                    BASELINE="125 1650 2298 1655" 
                    HPOS="125"
                    VPOS="1572"
                    WIDTH="2173"
                    HEIGHT="116">
            <Shape><Polygon POINTS="125 1650 125 1667 513 1660 576 1667 699 1683 702 1683 704 1683 755 1667 777 1660 808 1667 838 1673 840 1673 901 1665 956 1660 974 1665 1017 1683 1019 1683 1022 1683 1024 1683 1092 1665 1107 1662 1142 1665 1334 1685 1336 1685 1535 1665 1558 1662 1591 1662 1913 1685 1915 1685 1918 1685 1961 1665 2019 1685 2021 1685 2024 1688 2142 1688 2142 1685 2295 1660 2298 1655 2298 1605 2260 1579 2258 1579 2255 1579 2253 1579 2250 1579 2197 1607 2195 1607 2192 1605 2127 1582 2124 1582 2122 1582 2014 1602 2011 1602 1913 1577 1910 1577 1800 1577 1797 1577 1795 1577 1734 1597 1696 1577 1694 1577 1628 1577 1626 1577 1623 1577 1581 1595 1553 1610 1392 1610 1367 1592 1364 1592 1361 1592 1359 1592 1356 1592 1319 1610 1213 1610 1110 1587 1064 1579 1062 1579 1059 1579 1042 1587 996 1605 923 1584 888 1574 886 1574 883 1574 881 1574 878 1574 868 1584 835 1607 644 1607 604 1579 599 1574 596 1574 594 1574 591 1574 558 1577 470 1590 450 1577 450 1574 448 1574 445 1574 377 1574 375 1574 367 1574 286 1592 259 1574 256 1574 254 1574 125 1572 125 1650"/></Shape>
	    <String CONTENT="blecimiento. Por aqui hai algunos enfermos entre los Oficiales y la"
                    HPOS="125"
                    VPOS="1572"
                    WIDTH="2173"
                    HEIGHT="116"></String>
          </TextLine>

          
          
          <TextLine ID="eSc_line_d7a241a9"
                    TAGREFS="LT1333"
                    BASELINE="130 1728 2273 1723" 
                    HPOS="128"
                    VPOS="1665"
                    WIDTH="2145"
                    HEIGHT="101">
            <Shape><Polygon POINTS="130 1728 130 1758 201 1763 203 1763 206 1763 216 1761 261 1740 294 1761 299 1763 302 1763 304 1763 307 1763 344 1761 518 1738 594 1761 606 1763 609 1763 611 1766 717 1766 717 1763 750 1761 913 1738 1258 1751 1261 1751 1263 1751 1309 1738 1346 1761 1349 1761 1351 1761 1354 1763 1440 1763 1440 1761 1442 1761 1445 1761 1475 1743 1774 1761 1802 1761 1805 1761 1807 1761 1810 1761 1837 1738 2109 1738 2142 1751 2144 1751 2147 1751 2230 1740 2263 1761 2273 1723 2265 1683 1832 1685 1817 1678 1797 1667 1795 1667 1684 1665 1681 1665 1679 1665 1676 1665 1659 1678 1646 1688 1508 1688 1482 1678 1450 1665 1447 1665 1445 1665 1331 1675 1281 1680 1253 1675 1200 1665 1198 1665 1137 1675 1059 1690 886 1690 863 1673 860 1670 858 1670 855 1670 752 1667 750 1667 747 1667 732 1673 684 1688 566 1675 563 1675 465 1685 440 1673 438 1673 435 1673 433 1673 430 1673 407 1690 284 1690 241 1670 236 1667 234 1667 231 1667 128 1667 130 1728"/></Shape>
	    <String CONTENT="tropa, quisas sea efecto á lo crudo del temperamento, y como no se"
                    HPOS="128"
                    VPOS="1665"
                    WIDTH="2145"
                    HEIGHT="101"></String>
          </TextLine>

          
          
          <TextLine ID="eSc_line_011d5011"
                    TAGREFS="LT1333"
                    BASELINE="118 1821 2290 1821" 
                    HPOS="118"
                    VPOS="1753"
                    WIDTH="2172"
                    HEIGHT="108">
            <Shape><Polygon POINTS="118 1821 120 1859 206 1831 314 1856 324 1859 327 1861 478 1861 478 1859 480 1859 488 1856 528 1834 616 1834 798 1846 800 1846 911 1831 931 1846 934 1846 936 1846 939 1846 1042 1831 1097 1849 1130 1859 1132 1859 1135 1859 1238 1846 1369 1831 1480 1836 1495 1844 1530 1859 1533 1859 1535 1861 1659 1861 1659 1859 1661 1859 1704 1841 1732 1831 1860 1831 1878 1839 1893 1846 1895 1846 1898 1846 1900 1846 1918 1839 1938 1831 2046 1836 2233 1849 2235 1849 2238 1849 2290 1834 2290 1821 2290 1768 1993 1753 1991 1753 1988 1753 1986 1753 1971 1766 1958 1773 1935 1766 1925 1761 1923 1761 1920 1761 1875 1763 1747 1776 1696 1763 1661 1753 1659 1753 1656 1753 1603 1763 1533 1776 1492 1761 1467 1753 1465 1753 1462 1753 1460 1753 1457 1753 1447 1761 1422 1778 1145 1778 1112 1761 1110 1761 1107 1761 1004 1768 956 1758 931 1753 928 1753 903 1758 818 1778 546 1778 523 1761 521 1761 518 1761 516 1761 458 1771 410 1758 407 1758 405 1758 322 1776 276 1753 274 1753 271 1753 269 1753 266 1753 264 1753 203 1773 118 1753 118 1821"/></Shape>
	    <String CONTENT="pueden proporcionar auxilios de ninguna clase, algunos de los últimos"
                    HPOS="118"
                    VPOS="1753"
                    WIDTH="2172"
                    HEIGHT="108"></String>
          </TextLine>

          
          
          <TextLine ID="eSc_line_c8ad6b4f"
                    TAGREFS="LT1333"
                    BASELINE="138 1904 2293 1899" 
                    HPOS="135"
                    VPOS="1831"
                    WIDTH="2158"
                    HEIGHT="127">
            <Shape><Polygon POINTS="138 1929 241 1914 387 1914 372 1958 410 1929 412 1929 415 1929 417 1929 445 1927 586 1914 631 1927 657 1932 659 1932 662 1932 866 1924 986 1919 1029 1922 1142 1932 1145 1932 1147 1932 1180 1922 1195 1914 1374 1914 1404 1919 1470 1929 1472 1929 1533 1917 1565 1912 1593 1917 1648 1927 1651 1927 1654 1927 1694 1917 1714 1912 1752 1914 1857 1927 1860 1927 2021 1912 2041 1912 2044 1912 2064 1927 2066 1927 2069 1927 2185 1929 2187 1929 2290 1909 2293 1899 2288 1839 2167 1831 2165 1831 2162 1831 2147 1839 2124 1851 2059 1839 2014 1831 2011 1831 1971 1839 1905 1854 1782 1841 1772 1841 1769 1841 1754 1841 1575 1854 1553 1844 1528 1831 1525 1831 1523 1831 1445 1844 1407 1849 1372 1844 1286 1831 1283 1831 1281 1831 1253 1844 1236 1854 1135 1856 1117 1846 1102 1834 1100 1834 1097 1834 989 1834 986 1834 984 1834 934 1846 906 1854 881 1846 833 1834 830 1834 828 1834 825 1834 785 1849 760 1856 687 1849 591 1839 589 1839 586 1839 563 1849 551 1859 375 1859 349 1851 274 1834 271 1834 269 1834 231 1851 198 1839 196 1839 193 1839 135 1851 138 1904"/></Shape>
	    <String CONTENT="se han gravado mucho y talbez producto de hoi á mañana otro soldado"
                    HPOS="135"
                    VPOS="1831"
                    WIDTH="2158"
                    HEIGHT="127"></String>
          </TextLine>

          
          
          <TextLine ID="eSc_line_83a0ab66"
                    TAGREFS="LT1333"
                    BASELINE="130 1995 2306 1995" 
                    HPOS="130"
                    VPOS="1924"
                    WIDTH="2176"
                    HEIGHT="106">
            <Shape><Polygon POINTS="2295 1969 2280 1929 2270 1924 2268 1924 2265 1924 2127 1944 2087 1949 2066 1944 2003 1924 2001 1924 1845 1924 1842 1924 1840 1924 1805 1939 1681 1927 1679 1927 1573 1944 1550 1947 1538 1944 1505 1934 1502 1934 1500 1934 1497 1934 1472 1944 1457 1949 1402 1944 1228 1924 1226 1924 1223 1924 1183 1944 1170 1952 923 1952 906 1944 886 1937 883 1937 881 1937 878 1937 876 1937 868 1944 858 1949 843 1944 795 1924 793 1924 790 1924 787 1924 714 1944 689 1952 528 1952 506 1944 440 1924 438 1924 435 1924 433 1924 430 1924 405 1944 395 1949 370 1944 334 1934 332 1934 329 1934 327 1934 324 1934 312 1944 302 1947 130 1944 130 1995 130 2030 281 2030 281 2027 284 2027 347 2005 548 2017 551 2017 634 2005 757 2027 762 2027 765 2027 815 2027 906 2025 908 2025 976 2005 1251 2005 1329 2027 1331 2027 1334 2027 1336 2027 1339 2027 1341 2027 1387 2012 1525 2027 1540 2027 1543 2027 1545 2027 1548 2027 1591 2007 1739 2020 1742 2020 1744 2020 1792 2005 2066 2022 2069 2022 2157 2005 2197 2022 2200 2022 2202 2022 2205 2022 2240 2007 2301 2025 2306 1995 2306 1942 2295 1937 2295 1969"/></Shape>
	    <String CONTENT="que ya está morivundo; pero sin embargo no falta en los 5º una bue-"
                    HPOS="130"
                    VPOS="1924"
                    WIDTH="2176"
                    HEIGHT="106"></String>
          </TextLine>

          
          
          <TextLine ID="eSc_line_acd6ed75"
                    TAGREFS="LT1333"
                    BASELINE="138 2073 1681 2083" 
                    HPOS="135"
                    VPOS="2010"
                    WIDTH="1546"
                    HEIGHT="95">
            <Shape><Polygon POINTS="138 2073 135 2080 188 2100 191 2100 193 2100 339 2088 392 2100 395 2100 397 2100 400 2100 455 2085 521 2103 523 2103 526 2103 742 2088 782 2103 785 2103 787 2103 891 2090 911 2105 913 2105 916 2105 918 2105 1057 2090 1102 2105 1105 2105 1107 2105 1110 2105 1112 2105 1140 2090 1588 2090 1654 2105 1656 2105 1659 2105 1661 2105 1679 2090 1681 2083 1679 2017 1596 2017 1593 2017 1591 2017 1588 2017 1560 2042 1523 2017 1520 2017 1518 2017 1515 2017 1510 2017 1404 2045 1299 2045 1253 2020 1243 2015 1241 2015 1163 2015 1160 2015 1158 2015 1147 2020 1110 2040 1049 2020 1039 2017 1037 2017 1034 2017 1032 2017 1024 2020 976 2040 934 2020 913 2012 911 2012 908 2012 906 2012 903 2012 893 2022 871 2040 674 2040 596 2022 523 2010 521 2010 430 2025 362 2035 138 2027 138 2073"/></Shape>
	    <String CONTENT="na serenidad porque nada de ésto los amedrenta."
                    HPOS="135"
                    VPOS="2010"
                    WIDTH="1546"
                    HEIGHT="95"></String>
          </TextLine>

          
          
          <TextLine ID="eSc_line_a3497206"
                    TAGREFS="LT1333"
                    BASELINE="689 2151 2273 2158" 
                    HPOS="687"
                    VPOS="2088"
                    WIDTH="1586"
                    HEIGHT="98">
            <Shape><Polygon POINTS="689 2151 687 2166 755 2181 757 2181 868 2168 913 2181 916 2181 918 2181 1064 2171 1251 2183 1253 2183 1344 2171 1447 2183 1450 2183 1729 2173 1762 2186 1764 2186 1767 2186 1769 2186 1810 2173 1850 2186 1852 2186 1855 2186 2270 2171 2273 2158 2270 2113 2117 2093 2114 2093 2112 2093 2064 2108 2054 2113 2046 2108 2014 2093 2011 2093 2008 2093 1888 2103 1885 2103 1883 2103 1883 2105 1880 2108 1868 2120 1752 2120 1729 2105 1709 2090 1706 2090 1704 2090 1701 2090 1565 2103 1553 2103 1545 2103 1480 2090 1477 2090 1475 2090 1472 2090 1472 2093 1462 2100 1445 2118 1226 2118 1165 2098 1140 2090 1137 2090 1135 2090 1132 2090 1117 2098 1085 2115 835 2115 813 2093 808 2090 808 2088 805 2088 803 2088 800 2088 689 2090 689 2151"/></Shape>
	    <String CONTENT="⁋Deseo nos anuncie cuando tendremos el placer de"
                    HPOS="687"
                    VPOS="2088"
                    WIDTH="1586"
                    HEIGHT="98"></String>
          </TextLine>

          
          
          <TextLine ID="eSc_line_bb102ecf"
                    TAGREFS="LT1333"
                    BASELINE="135 2249 2275 2259" 
                    HPOS="133"
                    VPOS="2173"
                    WIDTH="2142"
                    HEIGHT="111">
            <Shape><Polygon POINTS="135 2249 133 2259 256 2276 259 2276 390 2264 435 2259 455 2264 500 2276 503 2276 506 2276 659 2266 707 2264 737 2266 823 2279 825 2279 921 2269 1004 2261 1105 2271 1205 2281 1208 2281 1261 2274 1306 2266 1815 2266 1885 2281 1895 2281 1898 2281 1923 2281 2165 2266 2270 2284 2275 2259 2275 2208 2187 2181 2185 2181 1935 2181 1933 2181 1930 2181 1883 2203 1878 2208 1777 2208 1767 2203 1701 2178 1699 2178 1696 2178 1563 2201 1540 2206 1356 2206 1346 2198 1309 2181 1306 2181 1304 2181 1301 2181 1299 2181 1271 2198 1258 2203 1135 2203 1125 2196 1090 2176 1087 2176 1085 2176 1082 2176 1080 2176 1019 2193 913 2176 911 2176 908 2176 871 2193 866 2196 863 2193 820 2176 818 2176 815 2176 813 2176 760 2193 735 2201 692 2193 654 2186 652 2186 561 2191 448 2198 400 2191 312 2173 309 2173 307 2173 276 2188 269 2193 259 2188 229 2173 226 2173 224 2173 135 2186 135 2249"/></Shape>
	    <String CONTENT="tenerlo por aca; pues su amable compañia nos haria nuestra situa-"
                    HPOS="133"
                    VPOS="2173"
                    WIDTH="2142"
                    HEIGHT="111"></String>
          </TextLine>

          
          
          <TextLine ID="eSc_line_20383a4a"
                    TAGREFS="LT1333"
                    BASELINE="138 2337 2268 2347" 
                    HPOS="138"
                    VPOS="2264"
                    WIDTH="2130"
                    HEIGHT="121">
            <Shape><Polygon POINTS="138 2337 140 2369 168 2352 191 2367 193 2367 196 2367 198 2367 425 2354 463 2369 473 2374 475 2374 478 2374 538 2369 735 2354 813 2372 845 2377 848 2377 923 2372 1150 2352 1215 2372 1241 2379 1243 2379 1246 2382 1324 2382 1324 2379 1326 2379 1329 2379 1339 2372 1369 2354 1407 2372 1412 2374 1414 2374 1417 2374 1419 2374 1429 2372 1502 2354 1850 2364 1860 2374 1870 2382 1873 2382 1875 2382 1878 2385 1988 2385 1988 2382 1991 2382 1993 2382 2003 2374 2029 2357 2099 2369 2102 2369 2217 2357 2260 2374 2268 2347 2263 2289 2107 2296 2092 2289 2064 2274 2061 2274 2059 2274 1983 2289 1925 2299 1903 2289 1865 2269 1862 2269 1812 2269 1810 2269 1807 2269 1762 2289 1734 2299 1621 2294 1608 2289 1545 2266 1543 2266 1540 2266 1538 2266 1497 2289 1480 2299 1387 2299 1369 2289 1324 2266 1321 2266 1319 2266 1316 2266 1228 2289 1215 2291 1213 2289 1183 2264 1180 2264 1178 2264 720 2264 717 2264 714 2264 712 2264 687 2279 619 2269 616 2269 614 2269 611 2269 584 2289 579 2291 511 2289 203 2279 201 2279 138 2289 138 2337"/></Shape>
	    <String CONTENT="csion mas soportable. Entretanto tenga á bien recibir un fino re-"
                    HPOS="138"
                    VPOS="2264"
                    WIDTH="2130"
                    HEIGHT="121"></String>
          </TextLine>

          
          
          <TextLine ID="eSc_line_cbe48168"
                    TAGREFS="LT1333"
                    BASELINE="151 2430 1268 2435" 
                    HPOS="148"
                    VPOS="2357"
                    WIDTH="1120"
                    HEIGHT="116">
            <Shape><Polygon POINTS="151 2430 148 2450 420 2447 443 2452 488 2468 490 2468 493 2468 636 2455 709 2470 712 2473 908 2473 908 2470 911 2470 913 2470 913 2468 931 2452 936 2450 1160 2450 1165 2452 1175 2463 1178 2463 1180 2463 1183 2463 1185 2463 1188 2463 1200 2452 1203 2452 1205 2452 1215 2463 1215 2465 1218 2465 1221 2465 1223 2465 1226 2465 1266 2452 1268 2435 1266 2359 1137 2359 1135 2359 1132 2359 1130 2359 1112 2372 1024 2362 989 2359 986 2359 984 2359 976 2364 944 2379 881 2364 853 2359 850 2359 848 2359 845 2359 838 2367 810 2385 755 2385 740 2369 740 2367 737 2367 735 2367 732 2367 730 2367 725 2367 697 2377 682 2369 659 2357 657 2357 654 2357 652 2357 626 2369 606 2382 438 2382 430 2372 417 2364 417 2362 415 2362 412 2362 410 2362 407 2362 385 2374 372 2379 357 2374 319 2362 317 2362 314 2362 312 2362 281 2377 274 2379 151 2379 151 2430"/></Shape>
	    <String CONTENT="cuerdo de su af^o Capitan QBSM."
                    HPOS="148"
                    VPOS="2357"
                    WIDTH="1120"
                    HEIGHT="116"></String>
          </TextLine>

          
          
          

          
          
          <TextLine ID="eSc_line_10f453dc"
                    TAGREFS="LT1333"
                    BASELINE="201 2686 370 2679" 
                    HPOS="198"
                    VPOS="2598"
                    WIDTH="172"
                    HEIGHT="111">
            <Shape><Polygon POINTS="201 2686 201 2702 309 2709 312 2709 314 2709 370 2691 370 2679 365 2611 307 2598 304 2598 302 2598 299 2598 251 2629 236 2641 198 2641 201 2686"/></Shape>
	    <String CONTENT="AD."
                    HPOS="198"
                    VPOS="2598"
                    WIDTH="172"
                    HEIGHT="111"></String>
          </TextLine>

          
          
          

          
        </TextBlock>
        
        <TextBlock HPOS="954"
                   VPOS="503"
                   WIDTH="841"
                   HEIGHT="158"
                   ID="eSc_textblock_cb91e408"
                   TAGREFS="BT3941">
          <Shape><Polygon POINTS="1764 533 1795 591 1236 661 964 621 954 553 994 503"/></Shape>
          
          
          <TextLine ID="eSc_line_7f1faf71"
                    TAGREFS="LT1333"
                    BASELINE="969 598 1779 588" 
                    HPOS="966"
                    VPOS="513"
                    WIDTH="813"
                    HEIGHT="128">
            <Shape><Polygon POINTS="1765 540 1553 525 1550 525 1467 538 1419 545 1404 535 1379 515 1369 515 1344 515 1319 515 1311 513 1291 533 1276 545 1223 533 1221 533 1218 533 1215 533 1142 540 1127 530 1102 513 1100 513 1097 513 1095 513 969 525 966 533 969 598 969 616 1004 628 1007 628 1009 628 1012 628 1014 628 1032 616 1034 616 1037 616 1059 636 1059 639 1062 639 1064 639 1067 641 1112 641 1112 639 1115 639 1168 621 1190 636 1193 636 1195 636 1198 639 1314 639 1314 636 1412 613 1442 608 1774 611 1779 588 1777 586 1772 586"/></Shape>
	    <String CONTENT="Tucapel, Junio 6 de 1860"
                    HPOS="966"
                    VPOS="513"
                    WIDTH="813"
                    HEIGHT="128"></String>
          </TextLine>

          
        </TextBlock>
        
        <TextBlock HPOS="2049"
                   VPOS="171"
                   WIDTH="128"
                   HEIGHT="108"
                   ID="eSc_textblock_afd91525"
                   TAGREFS="BT3950">
          <Shape><Polygon POINTS="2157 269 2059 279 2049 201 2109 171 2177 211"/></Shape>
          
          
          <TextLine ID="eSc_line_be60ca21"
                    TAGREFS="LT1333"
                    BASELINE="2054 264 2149 264" 
                    HPOS="2054"
                    VPOS="178"
                    WIDTH="95"
                    HEIGHT="111">
            <Shape><Polygon POINTS="2124 181 2094 178 2092 178 2089 178 2079 183 2054 233 2054 264 2058 285 2087 289 2144 288 2149 264 2149 196 2129 183"/></Shape>
	    <String CONTENT="43"
                    HPOS="2054"
                    VPOS="178"
                    WIDTH="95"
                    HEIGHT="111"></String>
          </TextLine>

          
        </TextBlock>
        
        <TextBlock HPOS="2177"
                   VPOS="117"
                   WIDTH="38"
                   HEIGHT="71"
                   ID="eSc_textblock_34c8bb0a"
                   TAGREFS="BT3951">
          <Shape><Polygon POINTS="2177 117 2177 188 2215 188 2215 117"/></Shape>
          
          
          <TextLine ID="eSc_line_dcbf6923"
                    TAGREFS="LT1333"
                    BASELINE="2183 178 2212 179" 
                    HPOS="2179"
                    VPOS="120"
                    WIDTH="32"
                    HEIGHT="77">
            <Shape><Polygon POINTS="2179 197 2211 186 2210 178 2209 120 2182 128 2182 176"/></Shape>
	    <String CONTENT="1"
                    HPOS="2179"
                    VPOS="120"
                    WIDTH="32"
                    HEIGHT="77"></String>
          </TextLine>

          
        </TextBlock>
        
        <TextBlock HPOS="524"
                   VPOS="690"
                   WIDTH="769"
                   HEIGHT="151"
                   ID="eSc_textblock_59c7d9d5"
                   TAGREFS="BT3944">
          <Shape><Polygon POINTS="533 724 565 694 1293 690 1291 785 952 790 916 841 731 841 524 783"/></Shape>

          <TextLine ID="eSc_line_64f02a5f"
                    TAGREFS="LT1333"
                    BASELINE="531 779 1261 772" 
                    HPOS="531"
                    VPOS="704"
                    WIDTH="730"
                    HEIGHT="111">
            <Shape><Polygon POINTS="1233 719 1208 714 1195 709 1082 704 1082 704 1057 704 1032 704 1029 704 1009 714 1001 714 871 704 868 704 548 717 531 737 531 779 531 795 659 792 669 797 689 812 692 812 694 812 697 815 772 815 772 812 775 812 818 800 855 789 888 800 913 810 916 810 918 810 921 810 939 802 964 787 1090 787 1117 802 1120 802 1122 802 1258 805 1261 772 1256 724 1233 719"/></Shape>
      <String CONTENT="⁋Mi respetado Coronel."
                    HPOS="531"
                    VPOS="704"
                    WIDTH="730"
                    HEIGHT="111"></String>
          </TextLine>
          
        </TextBlock>
        
        <TextBlock HPOS="211"
                   VPOS="2588"
                   WIDTH="2057"
                   HEIGHT="307"
                   ID="eSc_textblock_4b0d9a20"
                   TAGREFS="BT3948">
          <Shape><Polygon POINTS="459 2700 1602 2700 1602 2697 2197 2707 2258 2727 2268 2795 1535 2835 793 2825 631 2895 221 2875 211 2606 356 2588 379 2588 394 2591 394 2695 459 2695"/></Shape>

          <TextLine ID="eSc_line_ec4d2f84"
                    TAGREFS="LT1333"
                    BASELINE="249 2767 2255 2777" 
                    HPOS="246"
                    VPOS="2694"
                    WIDTH="2009"
                    HEIGHT="123">
            <Shape><Polygon POINTS="2245 2729 2165 2729 2165 2727 2099 2704 2087 2704 2061 2704 2039 2704 2011 2727 2008 2729 1888 2729 1883 2727 1832 2707 1830 2707 1827 2707 1747 2724 1747 2727 1613 2727 1611 2724 1535 2704 1533 2704 1530 2704 1528 2704 1495 2722 1455 2699 1452 2699 1450 2699 1319 2724 1311 2724 1301 2724 1205 2702 1203 2702 1200 2702 1137 2722 1135 2724 1039 2724 1037 2722 954 2696 951 2696 785 2696 782 2696 780 2696 752 2709 709 2694 707 2694 704 2694 702 2694 647 2714 594 2694 591 2694 589 2694 500 2709 465 2694 463 2694 460 2694 458 2694 433 2707 332 2694 329 2694 327 2694 324 2694 294 2719 292 2719 249 2719 249 2767 246 2792 397 2810 400 2810 402 2810 405 2810 425 2792 427 2792 433 2792 468 2800 470 2800 473 2800 488 2792 511 2782 747 2782 888 2790 891 2792 916 2812 918 2812 921 2812 923 2812 1004 2800 1022 2812 1024 2812 1027 2812 1253 2815 1256 2815 1258 2815 1261 2815 1296 2792 1402 2810 1404 2810 1407 2810 1445 2792 1480 2815 1482 2815 1485 2815 1487 2817 1588 2817 1588 2815 1591 2815 1593 2815 1631 2790 1654 2802 1656 2802 1659 2802 1661 2802 1686 2790 1691 2787 1903 2787 1905 2790 1920 2802 1923 2802 1925 2802 1928 2802 1930 2802 1958 2790 2127 2790 2162 2805 2165 2805 2167 2805 2253 2787 2255 2777 2255 2742 2245 2729"/></Shape>
      <String CONTENT="⁋Ala familia del Sr Campos, y al Ayudante hagame el honor de darles un"
                    HPOS="246"
                    VPOS="2694"
                    WIDTH="2009"
                    HEIGHT="123"></String>
          </TextLine>

          
          
          <TextLine ID="eSc_line_49a8ef9f"
                    TAGREFS="LT1333"
                    BASELINE="244 2847 634 2845" 
                    HPOS="241"
                    VPOS="2790"
                    WIDTH="393"
                    HEIGHT="105">
            <Shape><Polygon POINTS="244 2847 249 2888 281 2860 397 2860 430 2875 470 2893 473 2893 589 2895 591 2895 594 2895 596 2895 634 2860 634 2845 629 2800 400 2790 397 2790 334 2802 286 2790 284 2790 281 2790 279 2790 241 2802 244 2847"/></Shape>
      <String CONTENT="fino recuerdo."
                    HPOS="241"
                    VPOS="2790"
                    WIDTH="393"
                    HEIGHT="105"></String>
          </TextLine>
          
        </TextBlock>
        
        <TextBlock HPOS="837"
                   VPOS="2447"
                   WIDTH="637"
                   HEIGHT="175"
                   ID="eSc_textblock_82db549a"
                   TAGREFS="BT3952">
          <Shape><Polygon POINTS="1466 2447 1474 2622 851 2622 851 2563 849 2563 849 2489 837 2489 837 2447"/></Shape>

          <TextLine ID="eSc_line_4777b162"
                    TAGREFS="LT1333"
                    BASELINE="863 2513 1429 2520" 
                    HPOS="860"
                    VPOS="2437"
                    WIDTH="569"
                    HEIGHT="91">
            <Shape><Polygon POINTS="863 2513 860 2528 1427 2528 1429 2520 1427 2455 1246 2465 1236 2455 1223 2445 1223 2442 1221 2442 1218 2442 1215 2442 1153 2457 1145 2457 1122 2440 1120 2440 1117 2440 944 2437 941 2437 939 2437 863 2457 863 2513"/></Shape>
      <String CONTENT="Eleuterio Ramires"
                    HPOS="860"
                    VPOS="2437"
                    WIDTH="569"
                    HEIGHT="91"></String>
          </TextLine>
          
        </TextBlock>
        

        
      </PrintSpace>
    </Page>
  </Layout>
</alto>

