2410 2970
574 268 1001 132 ⁋Sr D^n Mauricio Barbosa

767 819 1578 101 ⁋Con motivo de haber recibido hoi una carta de

123 903 2207 129 Santiago del Ayudante Patiño, la cual me hasido mui desagra-

126 1004 2217 112 dable, me permitirá que ocupe su atencion valiéndome de una

131 1098 1241 104 confianza que no me es permitida.

539 1165 1809 117 ⁋Cuando me separé de la Capital dejé con Patiño una

131 1254 2217 117 cuenta pendiente, la que debía cancelarle dando un tanto men-

131 1348 2179 99 sual; mas nuestra marcha me impidió arreglar con él en

133 1440 2212 112 mejor forma; sin embargo, tan pronto como llegamos á Arauco

136 1532 2172 99 le escribí con fecha 24 de Noviembre (cuya copia conservo) donde

128 1608 2200 104 le hago ver lo que dió marjen á no haber convenido con él an-

133 1687 2212 134 tes de mi partida, pero que sin embargo, me indicase el modo

133 1779 2215 106 como librarle la cantidad íntegra; pues he aborrecido tener cuen-

133 1858 2210 119 tas pendientes. Hasta hoi no había recibido contestacion, mas

133 1950 2207 116 la carta recibida hoi me demuestra que mi carta no haya lle-

131 2046 2187 137 gado à sus manos, y sin embargo no esperaba se dirigiese à mí

121 2130 2194 114 de un modo algo grotesco que me es mui desconocido. Esta cir-

128 2222 2170 124 cunstancia me obliga á suplicar a U. me haga el servicio

136 2314 2172 113 de librarle 100 $ y cualquiera que sean sus intereses, pues yo no tengo

131 2398 2212 109 en Santiago aquien dirigirme con éste objéto por tener mi familia

126 2484 2222 104 en Valp^o. Si no le es pensionoso, espero me haga este servicio para

133 2561 2192 113 yo contestarle su carta á este caballero. Entretanto dignese dispen-

133 2653 2128 109 sar la confianza de que me valgo, pues no quiero que ésta

951 544 668 139 ⁋Tucapel Junio 28 de

1533 603 153 80 1860

2229 131 22 79 1

512 742 652 109 ⁋Mi respetado Coronel
