2471 3725
266 195 1972 184 ⁋de que tenga a bien prevenir a los comandantes de

217 319 1952 165 los cuerpos cívicos de la provincia de su mando

270 434 1949 166 que en adelante no hagan propuestas de Capi-

254 549 1974 168 tanes i Tenientes sino a favor de los oficiales del

266 676 1990 155 grado inmediato que por su antigüedad tengan

298 779 1946 158 derecho a ocupar las vacantes, i que solo en el

270 887 1949 156 caso de ser el cuerpo de reciente creacion po-

282 1008 1940 149 drá prescindirse, por una sola vez, de esta re-

294 1098 1959 196 gla que debe ser invariable, pues dotado que

279 1238 1980 163 sea el cuerpo de sus correspondientes oficiales, no

285 1331 1971 177 se podrá en las vacantes que ocurran faltar-

279 1474 1555 137 se a la rigurosa escala de ascensos.

484 1552 1785 170 ⁋Tambien se servirá Ud advertir a los jefes

285 1673 1990 164 de los cuerpos, que habiéndose generalizado de poco

266 1784 2000 140 tiempo acá la práctica abusiva de consultarse

282 1889 1977 150 grados de Capitanes i Sarjentos mayores a favor

266 1992 2034 156 de los Tenientes i Capitanes efectivos, esta Inspeccion,

307 2098 1983 143 despues de reiteradas prevenciones del Ministerio de la Guerra,

313 2210 1943 127 está a dispuesta a no admitir en lo sucesivo las tales

298 2303 1996 143 consultas o recomendaciones para grados, pues solo al

325 2405 1931 155 Gobierno corresponde la atribucion de concederlos i

329 2514 1943 127 respecto de la guardia nacional está dispuesto a a-

332 2604 1912 146 graciar solo con el de Sargento Mayor en vista de la respec-

285 2709 1484 174 tiva propuesta del Inspector Jeneral”.

586 2787 1686 160 Lo trascribo a U. para su conocimiento

329 2917 946 164 i fines consiguientes.

2259 124 47 80 2

1850 3569 319 97 000312

1176 3023 789 155 ⁋Dios gũe a Ud.
