2454 2988
1385 57 986 167 ⁋Temuco, Se^te 10 de 1860

1253 2089 827 142 Juan Guenuman

1208 1912 1148 177 ⁋Soy de Ud Suhamigo

558 2016 754 140 que berlo desea

839 191 1550 152 ⁋Apreciado Señor Cumpliendo con la

478 283 1906 140 orden de usted, en el Momento que recibi la

483 380 1911 142 orden isse regunir todos mis mocetones y sali en bos-

473 465 1908 152 ca del indibidugo M. Coman i habiendo llega-

480 565 1861 132 do abenir el día enla casa No lo he encontrado en

470 652 1886 142 ella porque había Salido el día antes a diligencia

490 742 1899 136 propia y no sabían para donde había ido. Hice re-

493 819 1891 137 gunir Mi jente en tres partidas para buscarlo hasta

493 901 1856 122 donde se encuentre y lo hallaron en el otro lado de

498 993 1816 120 Paicabi, de hai mismo melo trajeron a Lincan

450 1078 1924 117 onde yo los estaba esperando Con la demas jen-

503 1150 1888 131 te. Haci fue que hagarramos al toro poxan la logra

503 1232 1761 135 Sus aprisa y por cumplir Con la orden de Ud.

909 1359 1472 152 ⁋Tambien dare parte a Ud que hoi

505 1474 1886 119 día de la fecha quiero dentrar al tromen haber

505 1566 1889 114 ci puedo hagarar otros toros que no sean entregado

515 1648 1864 119 al gobierno ni a los Caciques y por este motivo quero

520 1730 1819 105 hagarrarlos o maloquiarlos ciencuentro animales

525 1825 847 92 y no se ofrece otra cosa.

435 39 836 210 ⁋Sõr Coronel
