2399 3083
331 172 2026 182 ⁋Señor, US. Recibe el recado de US. Con mi sobr-

352 285 2004 189 no Juan Antil. Mui terminante para que le man-

339 385 2003 216 de con plaso de 8 dias a Garcia por no haver cumpli-

305 507 2045 261 do con la carta que US. mando, pero como quere que

298 567 2057 270 le mande a Garcia Cuando No estq en mis terrenos ni es

293 675 2057 308 mi distrito por tanto le corresponde Al Cacique Mari-

329 814 2013 306 nan oal Subdelegado de Tucapel que coman-

308 935 1767 300 dan un mismo distrito y es de su sangre.

660 1164 1690 202 ⁋Por este motibo no hei tenido tiempo de con-

341 1274 1042 190 testarle la carta de US.

912 1449 1422 149 ⁋Soy de US. Su hamigo y servidor

308 1548 620 160 que berlo desea

1049 1592 825 208 Juan Guesamanqui

2221 61 59 82 2

1689 2926 321 113 000329
