2351 3043
304 267 1859 260 ⁋Señor Coronel D^n Maugucio Garbosa

2160 68 16 63 1

334 430 1905 189 ⁋despues de saludarlo a US. paso a comunicarle de

284 537 1960 211 las cartas que recivi de nacimiento y los asuntos que

238 681 2011 191 bienen en ellas; Una del Comandante Sepulbeda

240 819 1994 185 y otra del Cacique Catrileo, Enonde Mandanade

228 935 2019 206 cir de que travaje conforme ellos estan trabajando por

266 1016 1983 203 la tranquilidad y por tomar unos Cuatro ladrones

271 1133 1968 188 que estan con los arribanos y tambien me mandan

240 1237 1999 177 a Decir que centro de pocos dias dendrán a castigar a

276 1361 1963 160 Melin; despues de esto me piden por favor como tres

263 1475 1989 132 mano i Compañero de que los haga el favor de llamar

251 1582 2006 129 al Cacique Marinam y lo remita amarrado ante U.

210 1688 2054 141 C^e de no que lo mate y le malo queye los caballos y anima-

202 1807 2060 115 les i le mande cuatro o seis ala porque esta mui deapie

215 1896 2039 133 que no tenga la menor desconfianza Porque él lo tiene todo

223 2021 2041 119 consigo pero yo no puedo hacerlo sin el permiso de

195 2107 2087 137 US.  Aunque tengo sobrado motivo para hacerlo por

190 2201 2100 126 el motivo de que este no se cansa de acernos mal, por esto

152 2302 2138 156 lo dejo a disposion de US. y para que US. Crea le man-

149 2422 2105 131 do la misma Carta de Catrileo para que se indague

162 2545 2128 125 por ella misma y conosca a su amigo Marinan lo

169 2642 2131 146 traidor que es; tambien suplico a US. ae que mema-

162 2738 2095 124 de la carta ila Contestacion Con el mismo portador

157 2840 256 91 de esta

621 127 1291 187 ⁋Temuco 15 de Otubre 1860
