2509 3417
480 204 1302 143 Sor S Grierici Sarbosa

729 344 1731 140 Vapor Raypu. Bahia de Arauco 100 2059

646 532 1751 161 Prreciado amigo: ayes estube en esa lasgo

367 643 2067 117 tiempo descoso de veslo para entregarle el plano de

367 734 2019 120 senales, que ahora aajunto, y tralar de acordar si

361 840 2065 96 convenia o na el contenido de cada una de ellas

355 922 2077 128 pero por desgracia no peude conseguerto, sin embargo

364 1010 2051 143 de hiaber estado en el cuartel y en casa del Sor

327 1104 1957 163 Gobunador a donde semedigo to encontraria.

572 1193 1874 111 Tresumo que el iniendio de sasas habra deja

373 1295 2036 111 do esanto de viveres a sus moradores, y somo hay

367 1383 2082 117 en este bnque una cantidad cresida de frejoles tal

364 1475 2085 153 vey seria del agrado de U. hacertes distribucion de al

361 1577 2085 114 guna partei si aucede  ello avseme ordenando el

341 1671 2091 127 sumero de gumtales para desembarcartos hoy en

350 1773 1677 123 la intelijenesa que no pasan de secenta.

617 1876 1832 111 Solo me quedan cuatro dias de agua y aune que

324 1961 2125 111 hay dos rios a las imediaciones, tengo como opera.

321 2053 2111 113 con costosa y hasto morosa aproveshar de algano

330 2138 2119 100 de ellos, paresiendome mas fasil hacerlo en so

341 2226 2113 153 ta. con esta de corseguerian dos objetos tener la ague

336 2332 2124 151 de tiena en proio dicmpo y hacen tina visila d agae

341 2414 271 148 tugar.

609 2502 1834 135 Vlted in vista de lo espuesto me dera lo que de

347 2599 461 174 bo harer

632 2685 1284 161 Talnda a U. su amigo y S.

1230 2776 680 117 Manuel 3 Escalo

2059 180 87 84 1
