2366 2936
220 149 1015 110 ⁋SU hamien Barvosa

716 342 852 115 ⁋San te 2o5 o 18579

540 545 950 132 lel mad crmel:.

362 763 1901 120 la mion escibo alla Art pursa

198 910 2077 112 que ton pronte come guste ns su comn

176 1056 2038 113 parnia que se velelmor a comer las

168 1211 2127 107 mante tramo umi ordene El lune

166 1372 2080 103 dror e caval necs d los inder sobre es

163 1504 1601 125 tar le pecte, en en hut

190 1803 2029 122 as hares emprender contre montonera

707 1668 1612 115 hennlas en mfe esotes fijará

183 1918 2102 181 he indios com vlo desear, se l encargo

178 2099 2097 182 ure hunsenceo teno el segre ser pu

185 2246 2110 171 ventas y puerrar la purrtos que buen

185 2385 2080 203 neso igu de entae ni guste se ma

168 2561 2097 140 ne y este canatte, al niim teme

171 2703 2084 130 que U lar pevegue pa Fuentes purto
