2230 2978
74 415 944 123 ⁋S. D. Mauricio Barvosa

1112 687 954 97 ⁋Los temores en Santa Juana

86 771 2080 112 que pueda ser asaltado el pueblo continuan allí, por

139 871 2033 89 siendo metidos con los indios varios españoles que es-

64 943 2100 129 en perfectamente aquello i que tienen sus resenti-

52 1044 2078 102 entos porque se les ha impedido en otra ocasion sus

54 1119 2017 109 tentonas, es indudable i aun se save, de que en el

124 1213 2026 94 de atacar los indios por Nacimiento se repar-

39 1300 2111 119 i algunas partidas hasta Santa Juana mismo, des-

32 1394 2130 99 ies de asolar las pocas poblaciones que se eneri-

34 1471 2019 107 tin en su transito. Esta rason i la necesidad

109 1578 1989 82 hai de conservar las poblaciones que aun no

148 1645 1933 102 sufrido todavía el voras azote, han movido al

151 1727 1957 122 Cordoves a dirigirse a U. pidiendole el servicio

258 1821 1875 102 disponga el enbio de treinta hombres de linea

186 1908 1949 102 Santa Juana por lo menos, que unidos con los ci-

191 2000 1971 99 darán animacion a esa gente que se encuentra

139 2092 812 89 nuamente sobresaltada.

821 2156 1344 119 ⁋Yó confio en que U. tomará todo in

196 2263 1971 97 en mandar a Santa Juana si es posible mañana

265 2347 1905 102 la fuerza que se le indica que nunca pre-

129 2427 2024 104 se menos de treinta hombres, porque si fueran

148 2521 2022 99 mas sería todavia mejor. No tenga U. cuidado por

126 2603 2051 106 se encuentra en Santa Juana parte de su tropa pues

119 2687 2011 94 los apuros de Arauco le hacen necesitarla sabe U.

1105 235 817 122 ⁋Concep^on Nbre 28 de 1859

2048 111 23 67 1

372 625 886 84 ⁋Mui Señor mío i amigo

1874 188 90 89 24
