2541 3739
155 112 939 208 ⁋Comandancia de Armas

776 931 1699 159 ⁋Despues de las últimas comunica ciones del cam-

643 1087 1844 160 pamento, en la que se nos anunciaba un asalto de los

717 1212 1767 155 indios arribanos, y que tuve el honor de avisar a Ud, re-

701 1346 1783 143 solví marcharme a la division, apesar del mal es-

689 1470 1795 165 tado de mi salud; y en efecto el 11 me hice cargo

689 1585 1798 166 de las fuerzas acantonadas aquí. A los seis días fui

670 1710 1811 184 felicitado por los caciques Palma y Lepín y el 4º,

640 1866 1847 156 por el cacique Mariñán a quien hice algunos car-

627 1972 1864 157 gos, de que no me arrepiento, pues lo he hecho con-

639 2093 1858 164 fesar que se hallaba en relacion con el cacique Me-

676 2202 1815 150 lin uq eu habiendo recibido dos correos habia callado a

667 2333 1820 144 los demás caciques el contenido de su embajada, por-

679 2445 1812 150 que no creyó necesario tal aviso. Segun Mariñán

660 2561 1827 149 el objeto del 1^er correo mandado por Melin se reduce

673 2692 1821 149 a advertirle que varios mocetones de ma costa llevaban

679 2804 1818 146 a sus tolderias malas palabras con las que anuncia-

664 2935 1823 137 ban muchas veces un malon de nuestra parte y

643 3075 1848 170 que sus indios siguiendo el mismo ejemplo, ha-

670 3196 1817 137 cian tambien otro tanto y que con este motivo

651 3312 1843 146 lo invitaba a enviarse mutuamente amarrados a-

1265 736 1023 164 ⁋Tucapel, Mayo 20 de 1860

2288 127 53 119 1
