2425 2989
219 490 825 137 ⁋Respetado Señor y amigo:

967 590 1395 97 ⁋Parece que el invierno ha hecho mitigar

333 679 2037 95 el ardor guerrero de los Araucanos. Varios caciques y entre ellos

331 762 2041 148 el famoso Carbulao ofrecen presentarse y prometen enmien-

346 846 162 88 da.

191 926 2144 110 ⁋Trarupil ha sido comisionado por éste para negociar su

323 1013 2027 105 perdon; pero como Ud debe suponer nada se ha acordado

343 1105 2022 93 a este respecto; sin embargo, el emisario que vino patro-

351 1190 2014 111 cinado por Mariñán y acompañado de diez mocetones de

333 1270 2034 87 los alzados, ha convenido en traer a su representado en ter-

321 1364 2021 88 mino de seis días, y segun el jiro que Ud quiera dar a

341 1439 2004 131 esta cuestion debemos ó nó esperar que se presenten algunos

353 1524 1040 87 otros de menos importancia.

194 1599 2163 117 ⁋Desde que llegué a Tucapel me he ocupado constante-

316 1693 2049 110 mente en hacer galpones para la tropa y espero que hoy

346 1766 1111 99 habré concluido estos trabajos.

236 1855 2134 107 ⁋Para aliviar al soldado, que se nos esta enfermando mu-

353 1947 2019 92 cho, he creido conveniente darle los pergaminos de las ove-

358 2035 2012 94 jas que suelen matarse para sus ranchos a fin de po-

323 2112 2049 114 ner un reparo a la humedad que es la principal cau-

326 2204 2029 95 sa de sus males y la que causará la muerte de dos de

356 2279 1999 94 ellos que se hallan en muy mal estado. Los oficiales D.

333 2356 1974 114 Filomeno Barbosa y D Ruperto Salcedo han vuelto a

358 2455 1052 95 recaer por comer charqui.

226 2528 2136 102 ⁋Por haberse concluido ,el frangollo me he visto en la nece-

321 2620 2046 109 sidad de comprar doce quintales de harina flor a cinco

331 2710 2044 112 pesos cincuenta centavos, y pedido ocho quintales mas para

830 73 974 213 ⁋Tucapel, Mayo 25 de 1860

1041 328 1027 112 ⁋Señor Don Mauricio Barbosa

879 413 387 107 C. en 5

2230 104 42 85 1
