2434 3002
813 537 1563 103 ⁋Celebraré que al recibo de esta se encuentre sin

232 625 1385 92 novedad, estos son los deseos de su amigo.

87 695 2289 110 ⁋Señor, en el cuerpo no hay novedades mayores que merezcan la

237 780 2131 115 atencion de Ud. Ayer 21, he tenido una alta enganchado y lo

235 873 1923 100 he dado a la 4º por ser muy aparente para cazador.

100 931 2281 119 ⁋Por lo que hace a la instrucción del cuerpo, sin hacer juicio de mis

232 1033 2149 110 dolencias, tengo a los S.S. oficiales en Academia por la ma-

237 1123 2146 102 ñana y en la noche, y en la tarde cuando no llueve hacen

222 1205 2146 95 el ejercicio en esqueleto con los sargentos y cabos, porque de este

232 1290 2146 98 modo verá Ud que tanto comprenden los S.S. Oficiales subalter-

240 1378 2138 100 nos como los sarjentos y cabos que hasta ahora carecian

227 1463 2149 93 de una instruccion de guias, imponiendolos tambien en to-

230 1546 2148 95 da la instruccion de reclutas y compañía que espero ten-

225 1631 2156 100 drá buen resultado y que cuando Ud venga a este campa-

225 1706 2141 112 mento han de estar muy adelantes. Por lo que hace a la

235 1796 2138 100 tropa, por las mañanas después del redoble de Policia es-

230 1878 2141 113 tudian sus obligaciones con asistencia de los S.S. oficiales

237 1971 2149 100 de semana, y en la tarde a veces ejercicio por batallon

235 2053 2143 100 y cuando me ocupo de los guias con mis ayudantes,

217 2133 2166 100 encargo del manejo de armas al Capitán Ramírez; es-

232 2221 2154 118 ta instruccion no esta muy adelante por el poco tiem-

235 2306 939 98 po a causa de de las lluvias.

82 2381 2269 105 ⁋Señor, estoy un poco aflijido a causa de haberme roto dos

232 2471 2154 108 fondos, uno de la tercera y otro de la primera, estos Senor, ne-

230 2561 2156 95 cesitan de reemplazo lo mas pronto porque de lo contrario

245 2636 2141 108 no tendré en que hacerles el rancho a las expresadas com-

217 2726 2174 115 pañias, por ahora estan tapados con un pedazo de carnxxx, Ud sa-

851 133 1139 149 ⁋Señor Don Mauricio Barbosa

1242 362 929 123 ⁋Tucapel, Junio 22 de 1860

2236 92 47 90 1

137 452 726 100 ⁋Mi apreciado Coronel:
