2534 3733
672 199 1818 143 ⁋de la 4º, emfermos tambien de pulmonia, sino se les trans-

659 354 1828 156 porta a un hospital donde sean atendidos como de-

656 497 1818 178 ben. No le pongo la nómia de los enfermos porque

659 628 1815 200 esta es larga,  y mal que mal, muchos de ellos ha-

659 808 561 128 cen sus servicios.

887 897 1594 163 ⁋Como en estas latitudes suela tanto, los rocios

653 1091 1834 128 de la mañana impiden la instruccion - sale el sol

666 1228 1830 128 y los vapores de la tierra que aspirarian los soldados;

656 1371 1821 156 y que naturalmente son mal sanos, me obligan

641 1502 1833 185 a hacer que esta permanezca en los lugares que se

631 1673 1843 140 han podido medio acomodar y donde están muy es-

650 1810 252 118 trechos.

874 1944 1600 171 ⁋Por lo que respecta a los S.S. oficiales diré a

653 2102 1793 168 Ud que tengo seis enfermos incluso el que suscribe,

653 2252 1709 183 que solo por llenar mis deberes permanezco en pié.

862 2417 1612 158 ⁋Cada vez que llueve tanto los S.S. oficiales

650 2560 1831 207 como la tropa sufren horriblemente; pues los primeros muchas

650 2721 1821 147 noches pasan en vela, por no tener donde dor-

644 2896 199 90 mir.

865 2998 1625 153 ⁋El hacer rancho para la tropa se hace cada

647 3151 1840 166 dia ms dificil y costoso, porque habiendose agota-

659 3285 1775 164 do los víveres y teniendo que dar la carne, me cxxx

644 3459 1242 152 ta  mucho conseguir los animales.

2365 83 63 94 2

1933 3578 317 77 000292
