2422 3514
339 239 1816 156 ⁋los montoneros i asegurar la tranquilidad

336 380 1825 120 del Departamento, con cuyo fin los perse-

214 474 1959 163 guirá U.S. tenazmente hasta extinguirlos,

288 579 1899 132 pero evitando siempre i absteniéndose de

328 676 1792 108 provocar una conflagracion con las hordas

348 778 1816 91 de Araucanos, a quienes procurará U.S. atra-

333 869 1831 109 erse por medio de cuantos alhagos i medios

325 963 1853 123 le sugiera su juicio, afin de utilizarlos,

325 1062 1850 109 si es posible, para el exito de sus operacio-

319 1174 1911 96 nes ó cuando ménos para que nieguen

322 1259 1845 102 su concurso a los montoneros. La Com-

330 1349 1848 109 pleta tranquilidad de la Costa interesa

322 1449 1853 120 mucho ala estabilidad del órden en aque-

328 1554 1909 133 llos lugares i ha de merecer su preferencia.

740 1645 1496 97 ⁋Se han impartido instrucciones al

330 1718 1840 135 Gobernador de Arauco para que ponga á

325 1838 1880 118 disposicion de U.S. las fuerzas de que pue-

330 1941 1848 105 da disponer i cuántos auxilios le deman-

330 2061 1819 88 de, para el buen éxito de la empresa

333 2122 1878 150 é igual recomendacion se ha hecho al

316 2231 1833 108 Sr. Intendente de Concepcion, debiendo

301 2316 1898 150 por tanto, entrar U.S. con la eficaz coope-

287 2424 1502 100 racion de ambas autoridades.

770 2517 1394 133 ⁋El vapor “Maypú”, desde el mo-

319 2638 1856 105 mento de llegar a Lota, queda a sus

339 2734 1854 103 órdenes para obrar en los primeros movi-

304 2819 1848 129 mientos de su fuerza, hasta que esta que-

330 2931 1863 93 de en actitud de no necesitar los ser-

322 3016 1279 99 vicios de dicho buque.

790 3104 1344 125 ⁋En la presente Comision

1763 3350 260 84 000151
