2539 3217
179 191 2268 154 bajo la dirección del General, encargándo a Ud. del

203 327 1478 101 mand de la fuerza de operaciones.

595 402 1860 115 ⁋Si Urrutia llegaré a no entenderse con el Mtro

209 498 2276 113 sería un verdadero estorbo, pues el Gobierno tendrá difi-

195 595 2276 120 cultades para encontrar un jefe que fuese xxx tituirlo i

179 686 2298 155 dirigir las operaciones, lo que daría por xxx para-

166 785 1088 115 lización en los trabajos.

592 855 1869 128 ⁋Se pasa pues, por una situación ñui indecis

163 954 2311 121 i lo peor de todo es la falta de voluntad i de fe que se va

171 1053 2319 91 apoderando de todos los espíritus i esto mismo se me va

139 1139 2346 118 transmitiendo a mí. Sin embargo, como todo esto puede

155 1238 2322 121 talvez desaparecer conviene que Ud no esté despreveni-

168 1329 1590 134 do por si llega el momento de obrar.

678 1405 1796 123 ⁋Orozimbo volverá a su Gobernatura habiendo

195 1517 2268 112 conseguido disipar o calmar las malas impresiones que

168 1605 939 100 habian en su contra.

699 1667 1778 129 ⁋El Sñr Cruz, juez de Letras de Angol, vendrá

241 1780 2239 115 probablemente con el General, pues ha pedido una

201 1879 2279 110 licencia que se le ha concedido: yo me alegro de esto

217 1973 2271 120 por que este jóven influye sobre Urrutia i facilitará

198 2056 2271 128 las dificultades que se puedan presentar. Ojalá pue-

211 2150 2271 93 da Ud estrechar sus relaciones con este jóven i con

222 2238 2260 113 el General, i así les prestaria Ud a ellos un buen ser-

219 2326 2258 94 vicio i principalmente a los intereses de la frontera.

1812 107 70 83 67

262 3066 250 116 001677

364 2412 2107 116 Mi salud no consigo restablecerla, continúo

214 2495 2255 126 siempre delicado. Miguel bueno, todos los domin-

195 2592 2038 143 gos i dias festivos los pasa en casa con Manuel.

592 2696 1719 118 ⁋Disponga como siempre de su amigo

1319 2782 705 115 Cornelio Saavedra
