2428 3013
148 149 2071 142 ⁋Principia, pues, por juzgar del modo expresado a Félix

123 263 2061 126 Saavedra, puesto que era segundo jefe de montonera,

130 374 1750 103 cuidando de la brevedad en el procedimiento.

675 467 1657 102 ⁋El “Independencia” esperará en Lebú tus comu-

148 569 2159 101 nicaciones i datos que debes suministrarnos de tus ope-

158 660 2121 100 raciones. Como Lebu dista poca distancia de tu

173 753 2104 122 campamento de Tucapel, puedes remitir por este

143 851 2144 150 buque los prisioneros i demás objetos que le convengan.

672 956 1620 123 ⁋Te incluyo una carta para Catrileo, pues

143 1059 1679 103 sé que este indio me espera para obrar.

785 1154 1479 101 ⁋Sepúlveda me escribe de Nacimiento

175 1250 2152 120 que está en conversación con varios indios, Según el apunte

178 1350 2099 111 que por separado te incluyo, para que tu veas el

180 1458 2132 98 partido que se pueda sacar de esto, poniéndote en

198 1549 1926 110 contacto con Sepúlveda si lo creyeses necesario.

740 1654 1517 113 ⁋Si te faltan algunos artículos de guerra

183 1745 2091 123 o provisiones para la fuerza me lo avisarás igual-

165 1852 369 78 mente.

456 1938 1828 113 ⁋Nada de nuevo ocurre que comunicarte.

298 2038 1986 96 Por acá no hai novedad, a pesar de que no faltan

148 2144 2149 95 rumores de los que tu conoces circulan en estos

158 2232 401 98 mundos.

529 2312 1710 123 ⁋A Quezada dale muchos recuerdos i dile

168 2420 1642 93 que no olvidaré sus buenos Servicios.

620 2515 1629 108 ⁋Aprovecha tu buena situación en

168 2618 2061 103 que te encuentras para obrar con los indios i no

175 2714 2140 115 descuides que golpes atrevidos i oportunos producen.

2020 2868 200 69 000198
