2426 2996
222 262 1212 112 ⁋Señor Don Mauricio Barbosa

1131 372 283 92 Arauco

939 564 1162 120 ⁋Valparaíso, Diciembre 23 de 1859.

2218 87 35 117 1

789 951 1454 122 ⁋El vapor “Independencia”, conductor de esta

189 1066 2014 102 carta, lleva un mes de víveres secos para el vapor “May-

184 1155 1867 110 pú” i tiene encargo de traer la correspondencia.

504 1243 1784 112 ⁋El Sñr Presidente, en vista de las noticias que úl-

154 1355 2139 90 timamente se han tenido de tus operaciones, me ha encar-

149 1448 2179 119 gado decirte que si no puedes tener de una manera segura

164 1555 2082 85 i sin temor de evasión a los Indios que han tomado prisio-

139 1652 2179 93 neros, los remitas a Valparaíso en el “Independencia”. Esta

144 1750 2139 100 remisión sólo debe tener lugar respecto de los indios, pues

139 1840 2222 104 respecto de los españoles metidos entre ellos, se tomarán

152 1947 2184 80 otras medidas en vista de las noticias que me transmitas:

177 2034 2174 100 que los cabecillas aprehendidos ó que se aprehendan deben

164 2137 2144 112 ser juzgados en un consejo de guerra, con la prontitud

167 2237 2146 94 que la ley requiere en estos casos. Este procedimiento

154 2324 2154 111 debe observarse igualmente en aquellos individuos, que sin

129 2421 2209 98 ser cabecillas, se hayan hecho culpables de actos especia-

152 2509 2144 102 les de crueldad o atrocidad, que los hijos de caciques,

162 2616 2169 120 prisioneros los guardes con toda seguridad para canjear-

119 2703 2184 115 los por Patricio Silva, cuya captura es importantísima.

349 771 557 130 ⁋Querido negro:
