2426 3094
240 220 1401 128 ⁋Sōr D^n Mauricio Barbosa

1078 531 1267 87 ⁋He recibido comunicaciones del

270 613 2075 109 Sōr Presidente en las que me dice le ha sido im-

278 698 2067 116 posible escribir a Villalon y a ti por el Vapor que

291 801 2008 98 sale hoi al sur; pero me encarga decirte que

299 881 2049 111 la intencion y deseo del Gobierno es que se man-

306 961 2029 111 tenga una guarnicion en Lebu y otra Arau-

304 1051 2031 125 co, y el resto de la fuerza en aptitud de po-

301 1139 2050 114 derse disponer de ella. Por lo demas, ya sea en

304 1242 2021 96 órden a operaciones y distribucion, es necesario

327 1325 2024 136 q te pongas de acuerdo con Villalon quien

345 1418 2013 109 te comunicará sus instrucciones. Lo espues-

338 1500 1987 108 to no impide y si estuviesen comprometidos

340 1593 1967 115 en algunas operaciones importantes se conti-

320 1693 1976 111 nuen, segun y como les parezca mas conve-

325 1771 304 77 niente.

487 1843 1864 119 ⁋Como tú lo debes presumir, los desterrados

317 1941 2021 121 del Perú siempre trabajan en promover di-

309 2031 1980 116 ficultades en el pais, y aunque nada podrán

304 2129 2052 103 hacer, porque sus planes son vigilados, siempre

304 2207 2054 119 es indispensable el estar prevenido; y por eso

301 2302 2057 103 es el encargo del Presidente de no entrar en

294 2390 2039 105 operaciones de grave importancia contra

320 2470 1966 118 los indios, porque pudiera suceder q mas

317 2557 2031 119 tarde habria que abandonarlas, perpediendo

312 2658 2039 87 así lo que se ha avanzado hasta ahora

312 2740 2046 124 mediante tu buena y acertada direccion

539 384 852 152 ⁋Querido amigo.

934 105 1156 132 ⁋Valp^o Enero 18 de 1860.

2216 110 24 83 1
