2347 3067
166 85 2055 156 ⁋bajo puede ser construido en su mayor parte por la tropa y pide-

155 205 1151 104 me los elementos que creas necesarios.

263 278 1968 154 ⁋En la asignación que fijes a los caciques y sus mocetones, con-

122 385 2099 105 sidero que no puede ser menos de diez pesos mensuales a los pri-

117 465 2104 115 meros y cuatro a los últimos. Si fijas un poco mas no será de-

120 557 1981 92 sechado, pues el interés es un móvil poderoso para el salvaje.

250 638 1930 98 ⁋Ojalá pudieras conseguir de los caciques sediesen al Gobierno

135 720 2117 131 de buena voluntad los terrenos, de los alzados y que ellos se llevasen

122 820 499 110 los animales.

342 904 1882 123 ⁋No te he podido conseguir un ingeniero y no sé porque razon

125 982 2020 117 no te mandan a fin de levantar un plano de esa localidad

117 1075 2063 149 pero creo que tú serás curioso y traeras algunos bosquejos y

122 1185 435 82 anotaciones.

478 1229 1738 146 ⁋Por acá no ocurre más novedad que la fuga del

127 1344 2074 109 capitán Araya del 2º de línea que mandaba la compañía

115 1428 2032 108 destacada en Copiapó. Este oficial perdió al juego $ 4000

130 1523 2076 115 de la tropa en reuniones con gentes de oposición, los que des-

120 1617 2065 108 pués de haberlo comprometido, quisieron perderlo más, obli-

132 1704 1995 110 gándolo a mayores infamias de sublevarse con su tropa.

158 1781 2099 137 Araya, ya fuese por temor a los tristes resultados que se le ha-

140 1883 2058 95 brian esperado de un desórden ó por creerlo mas prudente, se

148 1970 2035 107 fugó al Perú acompañado de aquel ayudante Bonilla de

132 2048 2107 111 Chillán, que se le había entregado preso bajo su custodia. Es-

150 2146 2076 110 tá fuga tuvo lugar en momentos que esa tropa era relevada

145 2233 931 124 por otrá Compañia del 7º.

460 2309 1733 145 ⁋Gallo y los Matta llegaron al Perú, pero sus

132 2417 1378 110 sueños dorados no los verán realizados.

549 2507 1644 128 ⁋Te mando periodicos para que te entretengas y re-

163 2586 982 133 cuerdes a tu amigo y S. S.

2173 74 48 46 2

1735 2900 340 100 000220

1137 2668 726 133 Cornelio Saavedra
