2344 3104
1006 205 929 234 ⁋Valparaiso Enero 26 1860

670 891 1536 125 ⁋No puedo menos que felicitarte por la fortuna

150 987 2033 127 que has tenido en tus operaciones militares y por la prensa se

124 1096 2062 114 hace justicia a tus acertadas medidas. Parece que Villalón

126 1197 2070 109 no tiene la misma suerte pues he visto en los periódicos que des-

124 1283 2064 100 pues de estar en Maijeco se ha retirado al Bio-Bio lo que ha

121 1373 2078 128 producido mucha desconfianza en las jentes de aquellas locali-

134 1464 2080 100 dades. Parece también que salvo con 1200 voluntarios que te-

121 1550 2083 100 nía a sus órdenes se ha disgustado por una órden de prision

129 1637 2083 119 que le intimó el Mayor Lagos que lo acompañaba en una excur-

126 1728 2104 124 sion. No dudo que Villalón habrá arreglado este asunto y que

134 1826 1552 101 las cosas marcharán por la vía conveniente.

336 1908 1932 112 ⁋Te incluyo una carta del Presidente que me mandó abierta

137 1991 2137 122 para que me impusiese de ella, lo que he hecho. A Villalón le ma-

129 2090 2111 118 nifiesta eso mismo y en mi carta que escribo a este amigo le repito

144 2179 2127 115 algunas de las indicaciones que se te hacen, porque recibiendo mis

144 2263 2143 134 cartas con mucha mas anticipación que la que tú le dirijas haya

126 2349 2095 123 mas prontitud en las prevenciones que pueda hacerte para obrar.

432 2444 1772 116 ⁋Respecto al fuerte que debes hacer en Lebu me parece

137 2537 2119 111 bastante un ancho foso de cinco a seis varas por otras tántas de

173 2620 2044 144 profundidad y un galpón para el alojamiento de 200 á 300

165 2713 2075 139 hombres a lo mas con sus divisiones para oficiales. Este tra-

2188 87 26 63 1

551 732 654 152 ⁋Mei querido amigo:

147 397 1071 208 ⁋Sn D. Mauricio Barboza.
