2363 3013
115 43 2084 132 ⁋Corbeta “Constitución” para que dentrando al

145 153 2057 115 río de Lebu sirva de Pontón y de cuartel para la

158 241 2046 137 tropa. Esta medida he propuesto al Gobierno y se

158 341 2024 103 está considerando, su resultado te lo avisaré por

158 426 746 113 el Independencia.

434 507 1720 140 ⁋El Maipu regresa a Valparaiso y en su

128 602 2031 113 reemplazo queda el Independencia: anticipa tu

140 671 2094 139 correspondencia para que la traiga Escala que debe

135 785 1996 138 regresar pronto según la orden que se le ha dado.

323 866 1884 115 ⁋Boonen va en el Independencia a presenciar tu

123 929 2031 135 parlamento si es que alcanza, de lo contrario te hará

130 1033 2022 121 una visita y pasará despues donde Villalon. Los

135 1144 1984 108 extranjeros son mui aficionados a las novedades y

130 1230 1833 90 como tu eres amigo de él tendrás gusto de verlo.

333 1305 1803 108 ⁋La correspondencia que mandaste para el

125 1396 2027 102 Ferro-Carril ó mas bien diré el Capitán Chacon

105 1481 2069 135 le ha parecido mui mal al Presidente, pues en ella

115 1574 2014 126 se repite tu fuerza é instrucciones privadas que se te

113 1664 2041 108 han comunicado. Felizmente pudo imponerse

125 1752 2009 116 de ella el Gobierno antes de su publicación y se

120 1837 2094 123 prohibió su impresión. Ten cuidado de que los da-

143 1933 1988 135 tos que se comuniquen no abarquen puntos que

100 2018 1065 106 no debe conocer el público.

200 2094 1977 123 ⁋Villalón debe a la fha haber vuelto a entrar en

102 2192 2102 105 campaña según una carta que recibo hoi de los An-

70 2279 2016 195 geles fha 14 en que me dice Matus debia salir

140 2367 2044 106 pronto a una nueva correría. EL Ministro Soto-

130 2455 1881 103 mayor se encontraba tambien el los Angeles.

2224 87 48 108 2

293 2558 1959 124 ⁋Deseandote mejor acierto en tus operaciones me

110 2628 1308 160 repito tu siempre amigo y S.S.

1664 2862 337 93 000252

1426 2704 623 118 Cornelio Saavedra
