2327 2970
1034 196 919 217 ⁋Valparaiso, Julio 101860

703 527 319 109 Tucapel

79 355 1096 214 ⁋Sr D. Mauricio Barboza

774 690 1431 116 ⁋Tus cartas del 17 de Junio son las únicas que

81 782 2189 113 he recibido desde que fuiste a Los Angeles y con tanto atraso han llega-

74 861 2151 131 do a mi poder que hacen solo dos días las he recibido y en el mo-

74 950 2176 123 mento he tomado medidas para alistar un buque y avisar al Gobᵒ

71 1032 2181 123 tu situacion. Hoi se ordena ya la salida del “Maule” y embarque de

76 1126 2196 128 víveres y el viernes 13 estará de viaje este vapor para proporcionarte

66 1225 807 101 los auxilios necesarios.

207 1296 1988 114 ⁋Los techos están listos para mandartelos cuando tu creas

66 1383 2189 126 convenientes emprender el trabajo y tengas los elementos necesa-

79 1472 2106 119 rios para conducir el fierro. De todos modos te los había

74 1554 2111 126 mandado por el Maule, pero este vapor es tan pequeño que

76 1653 1171 129 apenas puede llevarte los víveres.

289 1727 1926 124 ⁋En cuanto a la remesa de artículos, te mando lo que

66 1814 2201 123 creo puedas necesitar tanto para la tropa como para los ofi-

74 1908 2171 119 ciales y lo que no necesites, bien puedes realizarlo en esa con

71 1992 2147 126 ventaja y evitar el cargo que irá contra tu cuerpo. La Co-

69 2076 1829 124 misaría ha sido la encargada para esta compra.

158 2163 2055 126 ⁋Debes pues estar prevenido de la llegada del “Maule” y si

66 2247 2181 131 encuentras mas prudente retirarte sobre Arauco, debes hacerlo

79 2336 2183 134 a pesar que sería nuevo sacrificio llevar tu tropa a esa locali-

64 2435 2159 116 dad pasado el invierno, el que estando ya mui adelantado

69 2517 2178 136 hace desaparezca luego tu penosa situacion; sinembargo tu

71 2630 981 102 veras lo mas conveniente.

314 2670 1921 178 ⁋El General me dice que te dirijas oficialmente al Gobᵒ

193 608 735 124 ⁋Mi estimado amigo:
