2482 2896
538 238 179 114 ⁋S. D.

651 354 710 102 ⁋Mauricio Barbosa

560 810 821 126 ⁋Mi apreciado Coronel:

1224 912 1120 123 ⁋Me hé impuesto por el par-

255 1016 2132 91 te de U. del encuentro habido en esa i, al mismo tiem-

246 1112 2153 134 po, xxx del oficial Valenzuela i

231 1213 2142 90 de los xxx ñaban, no he podi-

229 1305 2100 127 do menos que complacerme con el comportamien-

226 1387 2161 133 to de los demas que estaban bajo las ordenes de U.

874 1483 1552 121 ⁋A mas de la fuerza que condujo a Coro-

241 1575 2154 114 nel i Lota el vapor “Independencia”, que salió esta

248 1682 2161 99 mañana de Valparaiso, a mas de la caballería que,

236 1766 2060 97 desde Quechereguas, se ha hecho avanzar, desde Los

214 1853 2183 141 Ángeles y Chillán espero que le remitan a U. nuevas fuer-

239 1954 2146 114 zas i en especial caballeria. Con estos elementos confio

231 2051 2110 101 en que los indios i sus caudillos seran escarmenta-

212 2138 1154 118 dos en esa como corresponde.

794 2232 1605 140 ⁋Aumente U. su batallon cuanto pudiere

229 2333 2168 116 hasta ponerlo en estado de quinientas plazas, si con-

217 2425 2127 135 viene. Los enganches pueden ser por menos tiempo

224 2515 2178 162 del que fija la Ordenanza. Bastarán dos años o menos,

222 2616 837 115 si aun fuere preciso.

1352 545 1074 130 ⁋Santiago, Noviembre 24 de 1859

2040 222 79 82 16

2298 130 27 48 1
