2296 3761
269 112 935 116 ⁋al menor movimiento.

592 166 1600 125 ⁋Me alegro mucho de que manden poner

297 238 1929 113 fuerza estable en Lebu, así estaremos más a cubier-

285 316 1916 94 to; y como tu seras quien la hará colocar, cuento

294 372 1929 116 que esto tendrá lugar despues que hayas des-

294 435 1932 113 trozado a los pícaros indios. Ojalá te manden

313 504 1898 125 300 infantes y 100 carabineros para los destaca-

310 592 317 97 mentos.

570 629 1653 120 ⁋Dⁿ Ángel Custodio Gallo debe haber lle-

323 708 1900 125 gado al Perú, esto debemos saberlo muy luego

307 783 1932 103 por que el Vapor debe llegar hoy á Valparaiso con

301 843 1929 116 la noticia; de consiguiente al General Dⁿ Cus-

294 921 1923 113 todio será aquién tendremos que combatir,

323 996 1063 113 y no á Dⁿ Pedro Leon.

649 1046 1584 119 ⁋Mercurios no he recibido, deben estar

326 1109 1875 122 en Santa Juana los que me trajo el “Cloda”

326 1194 1900 116 por que tu debes saber que el correo no lle-

335 1256 1901 123 ga hasta el 1º, pero todos los que me ven-

307 1322 1935 135 gan por el Independencia te los remitiré.

646 1391 1574 116 ⁋Como no recibí correspondencia ofi-

360 1460 1879 113 cial de la noticia que me das en la carta

354 1529 1885 122 me he visto obligado á remitir un oficio

370 1607 1825 110 haciendo figurar una comunicación tuya,

373 1670 1853 113 soy seguro que la públicarán. No te eno-

373 1736 1769 119 jes por esto, lo he hecho a fin de que

360 1802 1885 106 nuestros conciudadanos tengan noticia de

410 1874 1838 97 tus hechos y no salgan los estrilones del

401 1940 1804 112 Mercurio con el desentono de que nada

410 2012 1823 100 se dice de tu división sin embargo de

410 2077 1807 104 llegar vapores del sud. A Dⁿ Cornelio

435 2146 1788 113 le digo que el parte tuyo habrá mar-

432 2212 1810 113 chado por conducto del Intᵗᵉ de Concep-

442 2287 1794 104 cion, pero que por no tener dato seguro

435 2350 1804 113 lo hago así. Posteriormente he sabido

398 2425 1822 119 que el propio que mandaste con los par-

410 2497 1795 110 tes no ha llegado aun, quien sabe que

414 2566 1160 104 diablos le ha sucedido.

793 2629 1393 94 ⁋Hay siete individuos de tropa

429 2692 1785 113 de los dejados por enfermos, comple-

439 2767 1791 100 tamente buenos, a más uno manda-

445 2839 1741 91 do hoy como desertor, y creyendo

467 2902 1759 122 que esta gente puede serte útil, he

448 2986 1794 91 oficiado al Gobᵒ, dándole cuenta de

457 3046 1776 97 estar esa tropa en estado de mar-

486 3109 1747 106 char, pero este ángel de Dios se de-

486 3181 1690 100 sentiende de mi nota y me dice

492 3253 1719 94 que junto con aquellos ponga á

448 3309 1800 107 tu disposición el desertor, mala

451 3381 1794 129 inteligencia que me obligó a pasarle

464 3456 1784 132 una nueva nota y no sé el resulta
